4756 6094
1198 351 1391 421 ...30-

303 545 426 616 seusu3
459 546 541 593 uam
570 521 763 617 explicatur
780 523 814 594 iu
836 547 954 617 marg:
990 523 1149 618 „puriora
1167 525 1345 620 magisque
1370 549 1456 598 sena
1484 523 1662 618 reddita“;
1693 525 1752 597 sed
1774 525 1924 616 „viribus
1948 525 2154 624 depurgari“
2188 531 2282 603 idem

303 645 356 710 est
373 659 413 710 ae
434 661 489 732 „a
510 637 650 733 privari,
680 637 888 710 debilitari.“
908 637 949 710 cf.
971 637 1079 710 Salut.
1098 638 1219 712 Praec.
1234 641 1352 713 interr.
1369 641 1467 713 LIX.
1487 648 1520 712 et
1537 639 1575 712 C.
1594 642 1636 712 Α.
1657 664 1690 736 p.
1712 645 1842 735 590‚„,
1863 647 1981 736 seem.

451 751 556 825 Tard.
577 753 635 825 lib.
653 753 679 825 I.
700 755 780 848 §29
800 754 851 825 ed.
873 755 1000 826 Amin:
1034 753 1156 848 „Tunc
1174 755 1243 827 alia
1261 755 1315 828 die
1333 757 1401 828 leui
1419 755 1697 829 deambulatione
1718 765 1851 830 motum
1869 759 2000 830 vomitll
2019 761 2201 856 exagitari,
2234 788 2279 834 ex

302 865 476 939 radicibus
493 869 651 964 raphani,
670 869 724 940 uel
743 869 796 941 his
815 868 983 942 similibus
1007 871 1193 964 speciebus,
1223 872 1250 944 si
1268 870 1333 944 loci
1352 881 1411 944 aut
1431 873 1594 968 temporis
1621 897 1724 945 causa
1743 873 1903 947 defecerit
1922 877 2053 971 copic.“
2073 877 2124 948 ed.
2151 881 2278 952 Auun:

305 983 485 1074 „radicum
508 986 627 1080 copio“
650 1009 728 1057 cum
747 1009 816 1056 uon
835 984 1060 1058 intellexisset
1082 988 1256 1082 „copiam“
1276 1013 1348 1061 esse
1368 989 1612 1080 „occasionem
1632 988 1927 1084 possibilitatem“.
1953 991 1994 1064 cf.
2017 1017 2045 1064 e.
2062 1017 2095 1088 g.
2115 1017 2148 1090 p.
2169 999 2277 1086 slew
2369 1057 2370 1084 2

302 1099 410 1172 intell.
433 1099 609 1173 hocloco:
647 1102 766 1196 „copia
784 1099 1061 1173 deambulandi.“

449 1217 553 1288 Tard.
566 1217 624 1289 lib.
639 1218 684 1289 II.
701 1219 720 1311 ξ
737 1223 783 1292 et
796 1218 847 1290 ed.
867 1221 982 1290 Amm.
997 1243 1071 1313 cap.
1087 1217 1169 1290 VII.
1185 1219 1277 1290 init:
1303 1217 1485 1314 „Sequitur
1495 1230 1610 1289 autem
1624 1243 1691 1311 cos,
1711 1219 1770 1314 qui
1785 1220 1897 1292 coriza
1907 1230 2080 1295 vexantur
2089 1225 2255 1318 gravedo,
2269 1239 2277 1272 ¹

301 1331 436 1403 narium
457 1341 491 1404 et
508 1333 630 1405 frontis
648 1334 843 1406 constrictio
870 1337 965 1426 (aute
997 1334 1237 1424 „constrictio“·
1257 1335 1307 1406 ed.
1329 1334 1540 1428 Idisiunxit)
1563 1335 1711 1428 [litorum
1734 1335 1805 1406 oris
1831 1337 2020 1410 tenuissimi
2036 1339 2157 1434 primo,
2192 1351 2277 1414 tunc

300 1447 428 1520 crassi“
463 1461 545 1544 etqs.
566 1449 618 1522 ed.
639 1453 770 1522 Amm:
801 1451 1019 1544 „constrictio
1048 1452 1199 1544 [lucram
1216 1450 1313 1534 ores·
1335 1451 1502 1522 errtttttetio
1533 1449 1687 1521 laetareris
1705 1451 1940 1546 tenuissimi“;
1970 1452 2065 1548 legas
2086 1479 2140 1527 me
2166 1457 2279 1528 iudice

305 1564 606 1659 „flacrcctor·is“;
643 1589 747 1660 quam
776 1565 1049 1637 emendationem
1080 1579 1198 1661 postea
1227 1573 1261 1636 et
1288 1565 1564 1661 Responsionum
1595 1566 1717 1654 fragm.
1753 1569 1844 1662 Aug.
1874 1567 1980 1661 (Rose
2005 1593 2038 1665 p.
2063 1575 2210 1664 dille)
2266 1585 2280 1645 t

299 1679 475 1776 Escolapii
492 1680 566 1753 loco
587 1682 642 1772 (cf.
664 1682 790 1754 ibidem
809 1681 940 1774 adnot.)
956 1681 1097 1776 probari
1116 1679 1195 1752 vidi.

449 1797 515 1868 Sed
530 1796 565 1869 in
583 1796 636 1870 his
653 1796 738 1869 mihi
755 1797 1041 1892 acquiescendum
1059 1805 1128 1888 est3
1165 1795 1352 1868 latissimus
1384 1804 1481 1891 patet
1512 1805 1545 1868 et
1576 1797 1825 1891 interpretandi
1849 1807 1883 1870 et
1905 1799 2108 1873 emendandi
2135 1827 2279 1900 campus

300 1933 380 1982 cum
399 1913 569 1986 sexcentis
586 1911 669 1985 loeis
698 1937 851 2007 eaquae
879 1913 914 1984 in
941 1911 1015 1984 edd.
1039 1937 1114 2008 ppr.
1142 1912 1304 2006 leguntur
1322 1914 1494 1985 rscttussc
1525 1913 1677 1984 habeant
1703 1913 1887 1986 dummodo
1907 1924 1997 1988 recte
2024 1918 2278 2012 perspiciantur

299 2051 407 2121 quant
426 2051 514 2122 quac
533 2029 568 2099 iu
588 2028 735 2099 editione
771 2027 1129 2122 Amstelaodameusi3
1163 2051 1380 2122 quaequam
1414 2030 1505 2102 male
1529 2031 1735 2124 castigatum
1767 2039 1900 2102 textum
1932 2034 2097 2128 praebeat
2127 2035 2198 2106 iam
2218 2035 2277 2108 alii

300 2165 356 2213 vv.
378 2141 459 2213 dd.²
495 2143 815 2214 animadverterunt
834 2152 937 2238 atque
957 2167 1060 2236 aegre
1084 2142 1210 2214 ferrem
1244 2143 1334 2236 quod
1364 2151 1499 2239 tempus
1527 2145 1606 2216 trivi
1639 2143 1845 2217 conferendo
1875 2170 1980 2241 quam
2019 2151 2277 2224 accuratissime

298 2257 466 2330 editiones
503 2283 578 2354 ppr.
605 2283 684 2331 cum
712 2259 946 2332 Ammaniana
976 2260 1041 2332 nisi
1076 2283 1181 2355 quam
1215 2259 1433 2331 utilissimum
1459 2284 1532 2331 esse
1554 2259 1714 2331 ducerem
1740 2260 1863 2332 iterum
1892 2285 2031 2335 mouere
2062 2289 2102 2336 ac
2128 2266 2276 2339 suadere

298 2391 339 2445 tte
368 2377 439 2462 quls
466 2377 555 2463 prius
585 2376 623 2444 tte
653 2377 715 2446 boc
743 2377 907 2461 scriptore
936 2377 966 2446 lu
993 2377 1135 2462 quattuor
1165 2393 1201 2444 re
1229 2375 1371 2444 Iudicate
1398 2377 1519 2445 ardeat
1555 2391 1647 2462 quant
1682 2377 1774 2461 lases
1806 2375 1875 2444 edd.
1906 2395 1972 2463 ppt.
2003 2379 2132 2450 atlerlt.
2172 2381 2275 2470 Quod

299 2491 450 2563 maxime
484 2492 520 2562 in
542 2491 760 2586 quaestiones
787 2492 1030 2586 grammaticas
1054 2491 1154 2562 cadit.
1188 2491 1237 2562 Ut
1261 2514 1370 2586 nuper
1396 2491 1438 2564 G.
1461 2491 1587 2586 llayen
1612 2493 1646 2562 in
1666 2491 1905 2564 dissertatione
1925 2519 2030 2588 quam
2057 2497 2193 2592 scripsit
2221 2498 2272 2570 De

263 2647 269 2660 ·
292 2605 483 2704 perticalis
502 2605 606 2703 qnod
626 2608 721 2703 quio
744 2608 931 2703 quoniam
959 2605 1152 2703 qtromodo
1171 2618 1213 2678 ct
1230 2630 1298 2703 pro
1318 2631 1398 2678 nce.
1420 2632 1447 2678 c.
1469 2609 1685 2703 iufinitlco
1704 2619 1786 2704 post
1799 2609 1905 2681 carbo
1923 2611 2096 2684 sentiendi
2110 2626 2143 2685 et
2156 2613 2275 2688 deela-

299 2722 408 2795 randr'
427 2723 554 2819 positis
582 2721 675 2794 iuC.
697 2724 741 2794 A.
762 2721 858 2794 libris
882 2722 942 2794 cel.
975 2731 1008 2792 et
1039 2722 1127 2795 tard.
1149 2747 1238 2818 pass.
1273 2721 1433 2818 exempla
1452 2731 1490 2795 ut
1508 2733 1606 2819 putat
1624 2734 1717 2796 certa
1751 2727 2032 2798 accusativis.
2069 2729 2140 2823 ias.
2165 2729 2273 2824 DCL,

299 2839 533 2911 coniunctio
542 2861 630 2910 attam
647 2837 826 2910 XLVIIII
842 2848 876 2909 et
894 2838 1032 2932 quidem
1048 2840 1142 2933 qaia
1161 2839 1284 2933 XXII,
1305 2837 1408 2933 quod
1424 2837 1564 2934 XVIII,
1585 2840 1773 2936 qaeu-iam
1788 2839 1833 2934 V,
1852 2841 2044 2936 quomodo
2059 2842 2111 2916 IV
2128 2847 2275 2940 reperiri

297 2956 419 3028 statuit
442 2956 490 3027 ita
510 2962 548 3026 ut
565 2956 654 3026 ratio
687 2955 812 3026 harum
836 2963 1086 3026 structurarum
1118 2963 1207 3026 esset
1223 2953 1335 3026 XIII:
1365 2955 1392 3026 I.
1413 2955 1489 3050 Ego
1517 2955 1609 3028 huuc
1640 2980 1739 3027 usum
1763 2957 2084 3054 circumscripserim
2118 2962 2274 3033 numeris

297 3069 370 3142 fere
387 3069 461 3142 his:

446 3185 577 3258 Inedd.
597 3209 673 3281 ppr.
694 3209 737 3256 ex
768 3183 882 3256 verbis
910 3183 1078 3256 sentiendi
1097 3192 1131 3255 et
1150 3184 1347 3256 declarandi
1374 3185 1523 3279 pendent
1548 3227 1592 3235 —
1626 3185 1724 3256 omisi
1758 3209 1815 3256 eos
1847 3184 1939 3257 locos
1969 3185 2092 3280 quibus
2125 3187 2271 3259 verbum

191 3301 194 3308 ’
296 3309 384 3374 seut.
414 3301 480 3374 uel.
516 3302 641 3374 declar.
664 3303 818 3396 sequitur
849 3343 895 3354 -
926 3302 1117 3397 particulae
1135 3303 1215 3375 illae
1233 3303 1316 3376 locis
1335 3301 1538 3374 LXXXII:
1572 3298 1677 3396 quod
1697 3299 1893 3394 XXXVII,
1914 3301 2009 3396 quio
2029 3301 2149 3396 XXV,
2177 3325 2270 3398 qno-

297 3418 407 3490 ae'cm
424 3416 526 3512 VIII,
548 3418 716 3514 quomod
722 3440 740 3489 0
758 3417 833 3490 XII
846 3417 951 3511 locis;
971 3418 1060 3490 ratio
1075 3419 1180 3512 igitur
1196 3429 1248 3492 est
1261 3418 1370 3491 VIII:
1387 3419 1425 3510 I;
1454 3439 1565 3510 neque
1580 3417 1736 3488 omittam
1755 3415 1910 3490 Caelium
1926 3416 2153 3490 Aurelianum
2172 3419 2270 3514 quio
2371 3483 2372 3510 q

411 3689 417 3722 ¹
443 3683 493 3748 Sic
508 3684 651 3768 distInxi3
676 3685 835 3770 permultis
852 3684 925 3748 locis
940 3685 965 3746 si
981 3695 1062 3748 recte
1087 3684 1271 3748 disiunxeris
1289 3684 1454 3769 genuinum
1470 3705 1593 3748 sensum
1610 3683 1640 3747 iu
1657 3683 1727 3747 edd.
1742 3705 1794 3768 pp.
1811 3683 1951 3768 praeberi
1976 3683 2145 3768 intelleges.

409 3823 420 3855 ²
444 3819 482 3883 de
499 3817 609 3882 Haller
625 3817 696 3882 edit.
716 3839 740 3880 s.
766 3815 963 3901 (Lausanuae
982 3818 1080 3902 tlte)
1096 3839 1127 3903 p.
1145 3815 1261 3880 XVIII
1276 3817 1307 3878 in
1319 3837 1397 3899 mee,
1420 3817 1528 3904 inquit,
1548 3817 1786 3880 Ammanieuam
1814 3827 1937 3882 secutus
1953 3837 2019 3880 sum
2040 3817 2097 3880 etsi
2123 3817 2148 3880 is
2165 3827 2272 3880 textus

295 3925 389 3991 ualde
413 3943 458 3989 est
475 3925 612 3988 uitiosus.
632 3923 670 3987 cs.
687 3921 893 4007 Daremberg.
910 3943 1003 4008 supra
1017 3944 1046 4008 p.
1068 3925 1118 3985 13.
1139 3923 1243 3986 adnot.
1262 3925 1291 3986 3.

408 4062 418 4096 ³
442 4059 514 4145 lpse
527 4059 574 4122 bis
591 4058 629 4122 de
644 4057 752 4121 iisdem
768 4057 926 4143 particulis
942 4058 991 4142 egi
1010 4057 1041 4120 in
1060 4055 1229 4121 seminariis
1249 4054 1466 4119 Bonnensibus
1494 4057 1652 4141 philologo
1668 4064 1697 4120 et
1718 4057 1875 4121 neolatiuo
1904 4063 2068 4141 antequem
2084 4055 2269 4121 dissertatio

294 4165 349 4228 illa
364 4163 509 4230 Kiliensis
532 4165 647 4253 publici
661 4165 734 4229 iuris
751 4163 831 4228 facta
846 4173 909 4248 cst3
924 4175 1139 4250 praeterquam
1156 4163 1240 4252 quod
1257 4171 1286 4227 et
1302 4163 1449 4226 maiorem
1465 4163 1678 4248 exemplorum
1692 4163 1812 4248 copiam
1828 4163 1966 4248 congessi
1982 4183 2083 4248 neque
2093 4163 2124 4226 iu
2139 4164 2271 4247 singulis

292 4271 532 4359 interpretandis
545 4273 660 4360 ubique
675 4295 745 4336 cum
762 4273 909 4358 scriptore
925 4271 1145 4348 dissertationis
1162 4269 1318 4334 consentio
1343 4289 1494 4332 summam
1511 4268 1603 4332 totius
1622 4269 1809 4353 quaestionis
1821 4285 1884 4332 tum
1902 4267 1991 4353 posui
2008 4267 2109 4332 hane:

365 4381 396 4464 1)
420 4378 549 4444 Sublato
569 4381 653 4444 omni
680 4380 910 4465 significationis
935 4379 1109 4443 discrimine
1126 4379 1157 4441 in
1175 4375 1305 4462 simplici
1323 4397 1380 4441 usu
1400 4375 1520 4438 illarum
1547 4375 1765 4460 particularum
1796 4387 2037 4440 consentaneum
2069 4389 2115 4439 est
2140 4374 2270 4440 easdem

293 4485 468 4571 promiscue
483 4493 553 4572 post
568 4487 664 4550 verba
679 4498 755 4551 sent.
774 4501 803 4550 et
820 4486 932 4550 declar.
951 4485 1100 4550 adhiberi.

363 4593 396 4678 2)
419 4591 631 4656 Demonstrari
646 4599 747 4678 potest
765 4593 898 4678 primum
920 4593 1007 4676 qaod
1023 4611 1049 4654 c.
1071 4592 1137 4655 iud.
1155 4591 1186 4654 in
1199 4611 1255 4654 usu
1277 4587 1389 4670 luisse3
1420 4586 1469 4650 cui
1492 4607 1562 4649 eum
1580 4587 1678 4671 magis
1697 4586 1858 4672 magisque
1874 4587 1985 4652 modus
2000 4587 2267 4652 coniunctirus

293 4699 485 4764 subiceretur
500 4721 570 4764 cum
585 4698 790 4764 indicativo
815 4699 988 4784 ponebatur
1006 4699 1102 4781 qut'n3
1127 4697 1212 4760 cuiue
1230 4694 1380 4758 inlocum
1400 4712 1470 4756 eum
1486 4692 1585 4778 ipsum
1607 4713 1730 4778 quoque
1749 4713 1820 4756 eum
1844 4692 1935 4757 coni
1954 4692 2093 4758 adhiberi
2116 4696 2270 4780 coepisset

292 4807 492 4871 iudicativi
507 4807 657 4892 particula
673 4807 753 4870 lacte
768 4815 813 4871 est
832 4807 986 4890 pilonium
1002 4817 1059 4869 etc.
1084 4804 1177 4868 Retio
1192 4802 1284 4888 igitur
1299 4801 1391 4864 huius
1407 4820 1479 4863 usus
1497 4814 1527 4864 et
1543 4800 1696 4863 nascentis
1718 4806 1749 4862 et
1770 4800 1934 4863 crescentis
1948 4812 1978 4864 et
1994 4799 2092 4864 edulti
2106 4799 2183 4864 lieec
2200 4817 2267 4867 est:

407 4913 433 4978 I.
449 4917 483 5002 c)
500 4913 600 5001 quod
616 4937 642 4980 c.
656 4916 720 4980 ind.
737 4951 782 4962 -
797 4915 829 5002 b)
845 4915 928 5000 quod
943 4935 968 4978 c.
986 4915 1065 4979 coni.

717 5022 760 5086 II.
777 5025 811 5108 α)
827 5021 914 5109 quia
933 5042 959 5085 c.
974 5021 1067 5086 indic.
1080 5057 1124 5068 —
1139 5019 1172 5106 b)
1188 5019 1260 5105 quie
1275 5039 1302 5081 c.
1319 5015 1398 5079 coni.

1057 5126 1118 5192 III.
1133 5129 1167 5213 α)
1179 5124 1361 5213 quoniam
1375 5143 1401 5185 c.
1420 5120 1474 5185 ind
1490 5157 1531 5167 -
1548 5121 1580 5208 b)
1596 5121 1743 5207 quoniam
1756 5141 1782 5185 c.
1799 5120 1877 5185 coni.

1420 5225 1479 5290 IV.
1495 5228 1529 5313 α)
1553 5226 1736 5313 quomodo
1753 5247 1780 5292 c.
1794 5225 1856 5290 ind.
1870 5265 1911 5277 -
1925 5227 1958 5314 b)
1974 5225 2130 5312 quomodo
2145 5247 2171 5289 c.
2187 5227 2268 5291 coni.

362 5341 395 5426 3)
419 5337 508 5406 Haec
523 5338 670 5427 loquendi
683 5337 761 5403 ratio
787 5336 921 5402 sermoni
944 5336 1158 5416 Romanorum
1182 5334 1274 5400 insita
1300 5335 1545 5420 innataquenou
1568 5353 1720 5398 essenon
1743 5341 1845 5419 potest
1877 5333 1928 5398 vel
1942 5346 2107 5420 propterea
2136 5331 2272 5420 quodin
