4756 6094
1173 393 1362 462 -lt—
1488 381 1491 386 ¹

278 569 398 635 autem
420 563 512 634 circa
539 585 670 634 annum
702 561 1105 656 quadringentensimum
1131 563 1460 660 quadragensimum
1486 568 1672 662 septimum
1696 566 1801 638 luisse
1831 567 1976 660 seimus;
2014 564 2135 660 quodsi
2165 571 2256 636 stare

276 684 424 771 possunt
442 701 483 748 ea
502 699 591 772 quae
617 677 779 773 proposui
798 677 844 750 ad
867 685 1018 750 aetatem
1042 678 1164 751 medici
1183 679 1349 754 Siccensis
1366 680 1608 775 definiendam,
1639 680 1677 754 C.
1694 682 1738 754 A.
1761 685 1909 752 exeunte
1932 678 2070 752 saeeulo
2091 703 2121 774 p.
2139 677 2202 750 Oh.
2222 703 2253 751 n.

276 800 417 888 quarto,
438 793 557 888 quinto
577 793 717 865 ineunte
734 792 817 886 fuit;
839 793 976 866 ridetur
994 799 1112 866 tamen
1126 795 1292 868 maiorem
1311 796 1403 870 vitae
1414 805 1550 893 partem
1568 797 1703 892 degisse
1716 795 1853 870 saeculo
1872 803 2007 891 quarto.

405 907 471 980 Sed
490 906 561 980 iam
579 906 683 979 finem
698 907 824 981 faciam
842 909 1027 1006 prooemii;
1058 934 1146 1005 quae
1161 919 1299 1008 praeter
1320 937 1361 986 ea
1382 913 1494 986 habeo
1514 914 1556 985 de
1576 913 1650 1008 ipso
1673 919 1813 984 auctore
1846 912 1986 1006 eiusque
2005 917 2120 984 aetate
2139 934 2180 982 ea
2194 910 2254 982 ad·

277 1034 402 1098 notare
422 1023 515 1096 malo
542 1025 587 1096 ad
605 1023 698 1098 locos
730 1049 773 1096 ex
801 1026 925 1120 quihus
954 1025 1084 1120 aliquid
1110 1027 1217 1122 possit
1242 1029 1434 1124 enucleari;
1479 1050 1579 1124 spero
1612 1035 1728 1100 autem
1760 1027 1833 1100 fore
1860 1035 1900 1099 ut
1924 1050 2017 1100 nova
2044 1035 2079 1099 et
2109 1025 2253 1098 fortasse

277 1140 444 1236 graviora
461 1163 505 1210 ex
529 1139 717 1212 maioribus
735 1139 831 1213 libris
847 1141 1048 1234 efficiantur,
1076 1165 1162 1236 quos
1188 1145 1397 1238 perscrutari
1424 1168 1495 1216 non
1522 1143 1668 1238 desist03
1707 1143 1821 1216 adhue
1852 1166 1923 1215 non
1954 1143 2073 1215 dubito
2101 1141 2252 1214 iudicare

276 1256 437 1330 Caelium
455 1255 684 1329 Aurelianum
703 1257 884 1351 aequalem
904 1257 1009 1330 fuisse
1022 1257 1342 1355 Symmachorum‚’
1365 1259 1680 1354 Praetextatorum‚
1702 1259 1870 1332 aliorum³
1899 1257 2031 1352 quiille
2048 1257 2122 1352 ipsa
2141 1265 2254 1329 aetate

277 1372 401 1446 studiis
419 1372 665 1466 grammaticis,
686 1372 909 1468 philosophis,
928 1373 1098 1446 historicis
1116 1374 1295 1448 florebant.

414 1625 421 1658 ¹
446 1619 565 1685 Jisdem
582 1620 693 1684 finibus
709 1619 831 1684 Haeser
846 1620 944 1684 Caelii
964 1621 1123 1686 Aureliani
1138 1635 1272 1688 aetatem
1285 1624 1530 1712 circumscripsit,
1550 1626 1605 1690 sed
1622 1625 1712 1691 facile
1729 1626 1918 1710 intellegitur
1932 1645 2025 1711 quam
2041 1645 2123 1690 vano
2140 1626 2254 1689 nitatur

275 1735 479 1816 argumeut03
507 1727 580 1792 dicit
594 1729 676 1792 enirn
702 1725 796 1811 (Hist.
814 1727 897 1792 Med.
915 1728 964 1793 ed.
980 1727 1076 1814 IIIp.
1094 1732 1172 1814 321)
1196 1729 1292 1794 haee:
1326 1729 1406 1811 „Die
1423 1732 1624 1818 angegebene
1654 1732 1871 1818 Bestimmung
1897 1732 1952 1797 der
1983 1732 2166 1798 Lebenszeit
2199 1731 2253 1797 des

278 1835 412 1918 Caelius,
427 1835 475 1900 ffir
491 1834 608 1899 welche
624 1834 689 1897 sich
705 1833 801 1898 sehon
823 1833 986 1899 Reinesius
1001 1836 1159 1901 entechied
1175 1833 1304 1920 (Variae
1320 1838 1388 1902 leet.
1406 1837 1582 1924 Altenburg
1601 1841 1696 1922 1640,
1713 1839 1816 1904 4111.
1836 1841 1890 1926 17)
1905 1839 2037 1924 grdndet
2052 1839 2117 1904 sich
2131 1837 2252 1914 darauf,

273 1943 348 2006 dass
364 1942 528 2007 Marcellus
545 1940 727 2027 Empiricus,
741 1941 851 2006 dassen
863 1941 976 2006 Schrift
999 1943 1039 2007 de
1054 1943 1284 2009 medicamentis
1302 1946 1386 2009 nicht
1398 1969 1455 2012 vor
1475 1949 1538 2012 408
1554 1969 1583 2011 n.
1598 1946 1670 2011 Ohr.
1690 1948 1819 2012 versasst
1834 1949 1900 2012 sein
1916 1947 2011 2029 kann,
2037 1946 2092 2011 des
2109 1945 2251 2012 Pseudo-

274 2049 395 2114 Plinius
407 2049 553 2134 gedenkt,
570 2048 702 2112 welcher
717 2047 767 2112 die
783 2047 904 2114 Werke
923 2050 978 2114 des
994 2049 1118 2114 Caelius
1135 2050 1277 2116 benutzte
1287 2059 1315 2135 ;“
1341 2073 1414 2116 nam
1431 2054 1525 2139 paulo
1537 2068 1608 2119 ante
1625 2053 1763 2120 dixerat:
1792 2054 1862 2134 „ein
1878 2054 2132 2120 wabrscheinlich
2148 2056 2180 2119 in
2197 2055 2252 2120 das

274 2156 366 2221 Ende
382 2157 436 2221 des
450 2154 509 2219 IV.
525 2153 601 2220 oder
620 2155 680 2219 den
704 2153 831 2241 Anfang
847 2155 901 2220 des
915 2155 956 2220 V.
971 2155 1075 2220 Ihdts.
1102 2179 1140 2221 zu
1163 2159 1323 2224 setaender
1343 2158 1601 2242 Schriiisteller;“
1633 2159 1688 2226 sed
1717 2159 1811 2224 Rosci
1842 2161 2131 2226 commentationem
2168 2183 2250 2247 quae

273 2265 449 2329 inscribitur
465 2262 592 2344 „Ueber
606 2263 656 2327 die
667 2262 821 2328 Medicina
837 2263 948 2328 Plinii“
979 2264 1024 2347 (in
1040 2263 1177 2331 Hermae
1191 2266 1253 2329 vol.
1274 2264 1357 2330 VIII
1373 2289 1402 2352 p.
1424 2270 1567 2352 18-66)
1591 2283 1644 2330 aut
1672 2289 1734 2332 non
1754 2269 1829 2354 legit
1851 2281 1904 2332 aut
1927 2289 1990 2332 non
2006 2267 2166 2332 intellexit.
2199 2268 2250 2354 (nl.

273 2373 349 2440 ibid.
361 2393 430 2437 curu
446 2393 477 2456 p.
496 2372 539 2434 20
561 2379 627 2434 tum
643 2391 672 2456 p.
691 2371 758 2455 62.)
2261 2445 2265 2452 .

409 2481 419 2513 ¹
444 2475 522 2540 oum
539 2476 638 2562 primo
656 2477 712 2541 cel.
726 2496 807 2561 pass.
827 2477 994 2557 enuntiato,
1023 2477 1054 2539 in
1072 2499 1134 2564 quo
1149 2479 1344 2545 emendando
1360 2493 1445 2547 tanto
1475 2503 1569 2568 opere
1584 2504 1634 2546 vv.
1660 2482 1711 2546 dd.
1729 2481 1927 2563 sudaverunt,
1951 2481 2089 2546 conferre
2104 2483 2192 2546 iuvat
2216 2481 2247 2545 id

272 2585 360 2674 quod
378 2584 415 2648 L.
432 2583 509 2647 Aur.
529 2581 679 2646 Avianius
693 2581 898 2669 Symmachus
918 2581 956 2655 Q.
977 2582 1053 2647 Aur.
1074 2583 1262 2670 Symmacho
1280 2587 1343 2652 filio
1358 2590 1497 2676 scripsit:
1521 2590 1584 2676 (ep.
1605 2593 1632 2656 1.
1647 2591 1681 2674 2)
1700 2590 1795 2673 „paria
1812 2589 1970 2662 nobilest,
1993 2591 2250 2673 quamoptime

272 2694 304 2757 si
319 2691 525 2774 nihilapam,
559 2689 640 2753 subit
667 2710 714 2752 me
734 2689 884 2752 maiorum
902 2710 1041 2754 meorum
1066 2692 1178 2755 misera
1191 2694 1373 2778 recordatio,
1400 2696 1504 2760 inveni
1519 2697 1603 2783 quod
1621 2697 1682 2762 illis
1709 2696 1821 2760 libellis
1835 2717 1912 2782 quos
1938 2716 2036 2783 nuper
2061 2696 2250 2760 dictaveram

272 2799 426 2887 possimus
441 2797 593 2861 adicere.“

409 2907 419 2942 ⁸
443 2901 488 2966 Ut
504 2901 539 2966 C.
559 2901 599 2964 Α.
615 2911 712 2964 artem
726 2899 878 2964 medicam
894 2902 937 2964 sic
956 2903 1139 2969 rhetoricam
1156 2905 1208 2969 alii
1220 2906 1509 2992 interrogationibus
1525 2913 1554 2971 ct
1569 2905 1819 2992 responsionibus
1835 2913 2090 2991 composuerunt3
2109 2906 2249 2971 ferunhrr

269 3013 382 3077 aetatis
398 3031 460 3097 qua
476 3009 510 3076 C.
525 3008 565 3073 A.
581 3008 674 3071 fuisse
689 3007 763 3070 mihi
779 3027 961 3093 persuasum
980 3023 1025 3075 est
1049 3009 1083 3074 Ο.
1101 3009 1197 3075 Ghirii
1212 3011 1426 3077 Fortunatiani
1437 3015 1510 3077 artis
1526 3013 1697 3078 rhetoricae
1713 3013 1781 3077 libri
1798 3011 1860 3076 III.
