4756 6094
1043 365 1235 434 ..qq-

146 555 198 602 sc.
230 531 438 630 amplificata
474 544 577 632 atquc
598 561 676 610 cum
702 562 853 610 conexus
885 537 971 610 elios
993 549 1082 611 esset
1112 539 1255 634 paulum
1285 541 1515 636 discrepantia
1533 543 1695 638 posuisse.
1736 543 1833 628 estod
1860 567 1942 616 sero
1972 544 2129 641 Respon-

145 650 287 722 sionma
312 651 508 746 porticulus
532 665 654 748 posteo
675 655 711 724 ia
732 655 882 726 tvtaiores
910 654 1017 726 libror
1048 656 1179 750 recepit
1210 657 1400 728 certissimo
1433 668 1483 730 est
1516 659 1708 728 testimonio
1730 681 1804 728 irene
1824 659 2129 732 concecedentes

147 765 209 836 dis
228 767 414 862 stampense
429 791 492 839 aec
510 767 697 866 multopere
717 781 777 842 ant
794 792 861 841 sven
881 769 929 842 ita
949 771 1161 866 corripuisse
1181 783 1215 843 nt
1227 783 1351 866 postca
1373 773 1492 844 elidem
1511 773 1634 846 irenem
1654 773 1885 869 interpretari
1901 775 2128 870 stuprersedere

141 891 300 974 posset*
1006 969 1008 974 ,
1945 909 1946 916 ¹

303 997 463 1070 Ceterum
485 997 614 1070 rsrrlltnn
646 1010 814 1094 quantum
845 1002 914 1072 seio
945 1009 1057 1074 exsut
1090 1009 1245 1073 veterum
1276 1002 1509 1074 testimonium
1531 1001 1573 1072 dc
1594 1001 1731 1073 Sorano
1759 1003 2067 1098 interrogationem
2087 1029 2128 1078 nc

146 1113 414 1208 responsionum
437 1114 478 1185 de
504 1117 599 1186 esseni
627 1116 799 1188 ostentam
832 1128 972 1188 atterere
1015 1116 1079 1187 nisi
1112 1115 1197 1188 illud
1227 1116 1414 1188 Muscionis
1434 1115 1489 1188 vel
1514 1116 1627 1212 potios
1652 1115 1776 1189 codicis
1802 1116 2013 1193 Havniensis
2040 1121 2129 1193 inter

145 1227 339 1302 Muscionis
358 1229 464 1303 libros
482 1254 586 1301 manu
612 1231 755 1327 scriptos
774 1232 996 1304 recentissimi
1013 1257 1020 1324 3
1040 1232 1082 1303 de
1101 1255 1168 1326 quo
1183 1241 1221 1304 ut
1237 1233 1356 1328 paucis
1372 1256 1476 1326 agam
1495 1241 1614 1304 restat.

297 1343 432 1416 Desunt
462 1347 552 1417 enim
572 1347 605 1418 in
626 1349 869 1420 vetustioribus
889 1347 1061 1420 codicibus
1092 1347 1310 1419 Bruxellensi
1333 1348 1435 1438 (saec.
1457 1348 1582 1440 IX-X)
1610 1357 1644 1419 et
1668 1347 1903 1420 Laurentiano
1932 1351 2034 1442 (saec.
2055 1353 2126 1446 Xl)

144 1483 190 1530 ea
210 1460 335 1554 quibus
352 1461 540 1533 secundum
564 1463 715 1535 codicem
741 1463 979 1536 Havnieusem
998 1463 1209 1558 (ssec.'XIl)
1229 1461 1361 1534 Muscio
1382 1462 1426 1534 ad
1457 1462 1583 1534 librom
1599 1463 1634 1534 ll
1653 1465 1907 1558 transgreditur
1925 1475 1958 1536 et
1975 1467 2127 1540 eiusdem

142 1573 228 1646 libri
241 1575 414 1649 conclusio
434 1578 489 1670 (ct.
511 1578 563 1648 ed.
583 1577 687 1650 Rosei
704 1603 736 1674 p.
758 1585 869 1654 trs-to
890 1587 924 1651 et
943 1604 973 1674 p.
997 1581 1104 1672 tte);
1125 1561 1216 1650 unde
1236 1579 1327 1650 Rosa
1345 1577 1484 1672 collegit
1501 1580 1723 1674 interpretem
1744 1578 1843 1651 illum
1863 1589 1896 1652 ct
1915 1584 2125 1676 congessisse

139 1692 299 1785 priorem
321 1689 443 1765 lidrtnn
465 1715 508 1764 ra·
523 1695 851 1788 interrogationibus
866 1707 899 1765 et
917 1695 1208 1789 responsionibus,
1228 1717 1272 1764 ee·
1290 1693 1508 1765 triacontade
1526 1695 1658 1766 armore
1678 1695 1811 1766 Sorani
1832 1695 1987 1778 alterum,
2011 1707 2045 1770 et
2062 1699 2127 1772 hcc

144 1807 261 1901 ipsum
279 1809 314 1878 iu
330 1809 504 1904 prooemio
524 1809 792 1903 significavisse3
824 1811 884 1882 sed
903 1811 1116 1906 prooemium
1135 1809 1219 1880 illud
1250 1810 1285 1879 in
1315 1810 1504 1903 quostiam
1524 1810 1617 1904 apud
1647 1812 1851 1883 vetustiores
1866 1811 1944 1883 illos
1959 1819 2066 1886 testes
2084 1815 2126 1888 de

144 1924 413 2019 cataperotianis
437 1933 471 1996 et
498 1925 539 1995 de
558 1925 770 1996 triacontade
789 1927 904 2019 agitur
922 1925 1008 1997 adeo
1027 1935 1086 1996 aot
1114 1934 1314 2020 corruptum
1333 1926 1369 1996 in
1387 1927 1483 1998 codd.
1506 1928 1534 1996 bl
1555 1933 1616 1997 aut
1646 1935 1818 1998 mutatum
1835 1927 1871 1997 in
1893 1927 2055 2022 elegitur
2087 1944 2125 2003 ut

144 2039 301 2110 dubitem
328 2063 373 2112 en
394 2041 485 2112 Rosa
512 2041 548 2110 in
576 2041 813 2112 constituendo
840 2040 899 2112 illo
927 2041 1078 2112 maxime
1093 2039 1244 2112 codicem
1263 2042 1281 2109 b
1302 2049 1437 2114 secutus
1456 2065 1525 2113 non
1545 2051 1637 2114 recte
1662 2042 1813 2116 lecerit.²
1852 2031 1984 2116 Moseio
2004 2055 2120 2116 autem

262 2308 268 2341 ¹
294 2306 332 2369 cl.
351 2305 471 2370 Haeser
489 2308 509 2370 l.
526 2308 547 2371 l.
566 2330 595 2394 p.
611 2309 684 2371 322.
711 2307 779 2391 „Ob
811 2307 934 2372 Caelius
961 2308 1028 2371 eine
1056 2307 1200 2372 iilmliclre
1227 2307 1340 2372 Sclrrilt
1371 2349 1410 2356 -
1443 2309 1544 2393 agitur
1574 2307 1612 2371 de
1643 2307 2121 2394 Responsionumlibris—des

143 2411 310 2475 Letzteren
335 2412 481 2477 eiulach
509 2413 728 2495 vibersetzte‚
758 2414 833 2478 oder
862 2413 920 2478 die
950 2414 1095 2478 Lehren
1125 2415 1319 2480 desselben
1343 2415 1378 2478 in
1405 2415 1783 2499 katechismusartiga
1807 2413 1913 2480 Form
1934 2417 2123 2480 verarbei·

145 2527 218 2598 tete,
246 2519 380 2582 istnieht
396 2542 432 2583 zu
450 2521 657 2585 entscheiden.
686 2520 746 2585 Die
770 2529 866 2584 crete
882 2519 1032 2606 lleiuung
1047 2521 1085 2583 ist
1109 2521 1228 2585 sowohl
1255 2544 1311 2584 asts
1331 2521 1400 2584 dem
1424 2521 1519 2586 sehon
1545 2521 1626 2586 oben
1649 2520 1693 2606 (S.
1710 2523 1773 2586 306
1792 2521 1845 2584 Νι.
1865 2525 1898 2604 4)
1914 2521 2118 2606 angeliihrten

144 2627 276 2706 Gronde
295 2627 339 2690 als
369 2627 449 2692 auch
478 2626 652 2691 desshelb
672 2627 731 2691 die
761 2627 1149 2706 vvahrsclreinlichere
1177 2629 1260 2693 weil
1291 2651 1407 2713 ganne
1433 2628 1577 2692 Stellen
1605 2628 1669 2692 der
1697 2627 2119 2713 Interrogaticnesdem

145 2733 284 2798 Werlre
301 2734 344 2798 de
369 2734 504 2799 morbis
528 2735 646 2798 scutis
672 2747 706 2798 et
733 2733 919 2798 chronicis
946 2733 1115 2798 entlehnt
1139 2734 1251 2797 sind.“

258 2872 268 2904 ¹
292 2866 356 2931 Fac
371 2868 466 2932 libros
483 2867 649 2931 Museionis
665 2868 781 2931 servari
798 2868 939 2931 aureolis
955 2867 1045 2932 codd.
1064 2869 1094 2936 tt
1109 2877 1162 2931 sut
1177 2868 1243 2933 solo
1262 2867 1330 2932 cod.
1349 2871 1387 2950 lt;
1412 2870 1570 2954 prooemia
1585 2869 1756 2932 allicientur
1772 2868 1870 2932 haee:

510 2983 538 3053 l.
569 2981 702 3056 ecodd.
723 2983 762 3052 tn.
1521 2983 1566 3055 ll.
1596 2982 1701 3055 cred.
1728 2983 1757 3050 lt.

145 3107 224 3170 Cum
249 3107 437 3192 frequentius
464 3107 551 3170 nobis
566 3109 597 3170 in
620 3107 797 3170 mulieribus
824 3107 973 3170 obstetrix
999 3107 1106 3170 fuisset
1161 3106 1238 3171 Cum
1256 3107 1444 3194 Frequentius
1460 3108 1548 3172 nobis
1562 3109 1591 3170 in
1608 3108 1838 3194 mulie[b]ribus
1853 3108 1952 3172 causis
1968 3109 2116 3173 obstetrix

144 3215 317 3279 necessaria
337 3215 545 3300 nolla[m]qoe
576 3214 782 3278 invenerimus
810 3214 1006 3298 studiosa[m]
1024 3235 1105 3299 quac
1160 3215 1265 3280 luisset
1286 3218 1468 3296 necessaris,
1497 3217 1614 3279 nullam
1643 3217 1817 3279 invenimus
1840 3215 2008 3281 studiosam
2035 3237 2115 3301 quae

145 3323 261 3386 litteras
287 3342 415 3406 graecas
452 3321 570 3406 adtigit,
608 3319 755 3400 videatur,
790 3320 983 3405 (videnturl)
1016 3321 1101 3407 qnod
1159 3322 1275 3386 litteras
1299 3344 1427 3408 graecas
1442 3322 1609 3406 adtigisset,
1641 3323 1739 3385 omnis
1759 3324 1851 3386 etiam
1874 3322 1997 3404 diceret,
2023 3321 2115 3406 quod,

144 3429 352 3513 adtigisselnp
368 3427 514 3492 omniain
529 3427 690 3508 latinitate,
713 3427 771 3490 sibi
790 3429 936 3489 translata
952 3429 1102 3511 gyttneeia
1158 3430 1183 3490 si
1198 3429 1354 3493 habuisset
1381 3430 1411 3491 in
1432 3429 1614 3492 latinitatem
1646 3428 1793 3492 translata
1823 3429 1981 3512 gynaecia,
2011 3435 2115 3513 posset

143 3557 235 3622 posse
261 3537 378 3599 ratione
401 3535 642 3598 lectionisseire.
669 3535 733 3618 (rel
755 3531 920 3619 quododt.
946 3535 1050 3598 onnria
1069 3535 1100 3598 in
1157 3536 1306 3598 rationem
1343 3535 1479 3598 lectionis
1509 3537 1594 3598 scire.
1628 3533 1696 3618 llgo
1725 3556 1798 3597 vcro
1833 3534 1951 3598 Muscio
1980 3535 2031 3620 qui
2051 3535 2112 3596 iam

143 3643 353 3727 latinitatepn]
371 3642 426 3704 sibi
440 3642 599 3720 translata,
613 3642 759 3725 gynaecia
780 3641 905 3725 [neque]
923 3661 1013 3725 posse
1028 3643 1099 3724 etc.)
1159 3642 1253 3704 multa
1282 3641 1389 3704 videor
1423 3642 1712 3726 quomodocumque
1747 3641 1945 3720 transtulisse,
1982 3641 2111 3704 veritate

143 3748 551 3836 EgoveroMusciomulta
571 3747 1100 3832 vidoo[r]qnemado(2tmammm)
1155 3748 1281 3810 rationis
1311 3748 1414 3834 prorius
1443 3747 1525 3809 uisos
1565 3769 1656 3833 quam
1686 3747 1835 3810 instructa
1867 3747 2032 3832 [spatione
2061 3747 2111 3811 vel

142 3858 333 3921 transtulisse
357 3862 386 3920 et
411 3855 539 3918 veritate
569 3855 741 3941 [spadonis
776 3875 869 3938 quam
898 3861 1012 3916 structa
1038 3854 1098 3939 [ae]
1155 3853 1974 3940 diligentiuspolitausn[s]sicutinoplttholmieoet
1997 3854 2112 3916 chirur-

141 3965 319 4048 diligentius
334 3963 438 4048 polita,
453 3962 530 4025 sient
541 3963 571 4024 in
582 3961 791 4048 ophthalmieo
806 3971 836 4024 et
849 3961 1098 4045 chirurgumeno,

143 4072 287 4157 philisteo
312 4071 402 4133 etiem
420 4077 451 4133 et
469 4069 694 4134 boethemn'tico
718 4068 859 4152 legimus.
885 4067 1005 4130 Placuit
1022 4067 1099 4130 mibi

142 4179 219 4242 haec
236 4198 360 4264 quoque
388 4177 535 4262 gynaecia
555 4177 586 4238 in
605 4176 734 4238 latinum
757 4182 877 4238 vertere
902 4195 1097 4255 sermonem3

141 4287 212 4350 licet
238 4284 328 4348 ctiam
360 4285 530 4347 maximam
557 4297 676 4368 partem
706 4281 746 4344 sd
775 4282 927 4364 integrum
958 4291 1096 4346 tenorem

140 4406 264 4456 secutus
296 4391 446 4472 transtuli,
488 4397 520 4453 ot
552 4390 664 4474 possim
697 4387 832 4451 mulieris
865 4388 1002 4450 animum
1041 4388 1098 4450 hac

140 4500 258 4562 ratione
280 4497 452 4561 exhilarare
476 4496 591 4582 placuit
616 4495 716 4574 uobis,
737 4507 770 4558 ut
798 4494 1096 4580 cateperotisnorum

141 4605 299 4685 brevitate,
313 4604 406 4668 luisse
421 4611 553 4682 secutus,
578 4609 611 4666 ut
627 4603 729 4666 otonis
745 4600 846 4665 dicere
865 4599 972 4664 videar
988 4615 1017 4664 et
1034 4623 1096 4664 non

139 4711 257 4797 grande
281 4731 392 4796 corpus
420 4710 603 4795 perfecisse3
636 4707 820 4794 quibusdam
844 4729 918 4772 vero
944 4709 1096 4793 capitibus

139 4820 270 4882 multum
300 4818 434 4883 breviter
458 4819 545 4882 dictis
571 4816 723 4902 quaedam
749 4814 956 4879 triacontados
981 4815 1097 4896 addidi,

140 4931 174 4988 nt
189 4947 229 4989 ex
248 4926 391 4991 omnibus
416 4926 563 4989 collectus
588 4922 826 4987 commentarius
849 4921 1004 4986 sufficiens
1029 4943 1095 4986 esse

140 5034 244 5118 possit.
280 5032 339 5096 His
370 5039 473 5096 autem
506 5032 604 5095 molto
633 5028 801 5114 simplicius
827 5029 910 5092 valui
937 5029 1031 5113 loqui,
1063 5037 1097 5091 ut

140 5142 241 5206 verius
257 5140 366 5220 dicam,
390 5137 620 5224 mulieleribus
636 5135 737 5198 verbis
758 5156 831 5199 usus
846 5155 922 5214 sum,
953 5144 988 5198 ut
1003 5135 1096 5198 etiam

139 5247 299 5332 imperitae
314 5246 492 5310 obstetrices
508 5244 623 5308 scilicet
639 5243 678 5306 ab
694 5242 791 5306 altero
808 5243 890 5326 (al)
915 5241 971 5305 sibi
997 5239 1094 5306 relec-

140 5361 202 5418 tam
219 5355 368 5419 rationem
384 5352 475 5418 facile
493 5352 666 5436 intelligere
681 5349 835 5435 possilnp.

1154 3981 1299 4044 gumano,
1341 3961 1484 4046 philisteo
1526 3962 1679 4026 etiamst
1722 3961 1953 4025 boethematicis
1993 3961 2111 4044 legisti3

1153 4066 1269 4152 placuit
1285 4075 1318 4130 ut
1338 4067 1415 4130 haec
1431 4089 1554 4152 quoque
1568 4069 1717 4152 gynaecia
1733 4069 1762 4131 in
1777 4069 1904 4131 latinum
1923 4076 2112 4130 verteremus

1153 4193 1343 4257 sermonem3
1370 4174 1442 4238 lieet
1471 4174 1531 4236 iam
1565 4176 1734 4238 niaximam
1763 4181 1884 4260 partem
1915 4173 2112 4237 triacontadis

1153 4279 1193 4342 ad
1219 4281 1371 4365 integrum
1399 4291 1538 4344 tenorem
1564 4287 1686 4344 secutus
1713 4281 1863 4344 Soranum
1895 4280 2111 4360 transtulerim,

1152 4387 1207 4450 ssd
1237 4408 1305 4450 cnm
1338 4386 1481 4451 vidissem
1516 4386 1634 4471 grande
1669 4408 1781 4472 corpus
1811 4387 1949 4450 loturum
1974 4395 2109 4471 etposse

1152 4495 1319 4558 muliebres
1332 4495 1451 4558 animos
1467 4494 1527 4558 cito
1542 4515 1616 4578 pree
1630 4493 1842 4578 magnitudine
1858 4493 1975 4558 lassari
1987 4493 2111 4579 placuit,

1151 4610 1185 4664 ut
1202 4603 1501 4687 cataperotisuorum
1525 4601 1684 4682 brevitate,
1700 4601 1794 4664 luisse
1809 4609 1940 4680 secutus,
1956 4609 1989 4663 ut
2006 4600 2110 4664 omnia

1152 4708 1286 4773 dicerem
1303 4719 1333 4772 et
1346 4730 1408 4773 non
1432 4707 1551 4794 grande
1574 4728 1686 4792 corpus
1698 4706 1888 4787 effecissem3
1921 4705 2107 4792 quibusdam

1152 4815 1303 4900 capitibus
1337 4837 1410 4879 vero
1444 4815 1577 4879 multum
1616 4813 1751 4877 breviter
1788 4813 1874 4876 dietis
1914 4812 2108 4897 [ali]qoando

1152 4921 1216 5004 (erl
1238 4919 1406 5006 quaedam)
1435 4920 1641 4985 triacontadcs
1656 4919 1720 5004 (is)
1741 4919 1845 4984 addidi
1861 4927 1894 4983 ut
1911 4941 1951 4984 ex
1967 4919 2110 4984 omnibus

1151 5028 1298 5092 collectus
1332 5029 1570 5092 cotnmentarins
1602 5027 1759 5092 sufficiens
1796 5047 1862 5090 esse
1903 5027 2008 5111 possit.
2049 5024 2109 5090 Hic

1152 5133 1262 5220 (Hiar)
1282 5141 1385 5198 temen
1403 5134 1499 5198 multo
1515 5135 1684 5219 simplicius
1701 5132 1785 5198 volui
1812 5132 1897 5217 loqui
1914 5139 1944 5196 et
1959 5144 1992 5196 ut
2007 5135 2109 5197 verius

1151 5241 1250 5305 dicam
1275 5241 1504 5326 mulielbpibns
1531 5243 1633 5306 verbis
1659 5263 1730 5306 usos
1758 5261 1835 5321 sunt,
1862 5251 1893 5303 ut
1908 5262 1935 5304 e.
1956 5241 1975 5302 i.
1991 5262 2018 5305 o.
2038 5241 2111 5305 licet

1151 5349 1189 5412 sb
1208 5370 1236 5412 a.
1254 5369 1278 5412 s.
1294 5348 1407 5412 lectam
1422 5369 1446 5412 r.
1465 5347 1485 5410 l.
1503 5348 1522 5412 i.
1539 5349 1665 5434 possint.
