4756 6094
969 947 1022 1034 De
1050 948 1186 1035 ceteris
1213 948 1367 1058 scriptis
1394 947 1533 1052 agitur.

443 1205 532 1277 Cum
550 1205 592 1277 de
618 1206 752 1301 scriptis
781 1205 889 1278 Caelii
918 1207 1095 1280 Aureliani
1124 1207 1222 1279 nulla
1248 1215 1384 1279 exstent
1404 1206 1601 1278 testimonia
1620 1205 1757 1302 praeter
1778 1208 1979 1280 brevissima
1996 1208 2057 1282 illa
2083 1212 2242 1286 codicum

268 1319 575 1394 Patara-Vaticani
595 1331 628 1394 et
641 1322 837 1395 Leidensis'
869 1346 911 1394 ex
938 1322 1018 1395 salis
1035 1321 1131 1424 libris
1146 1323 1295 1396 celerum
1310 1331 1344 1395 et
1362 1323 1540 1394 turdarum
1555 1321 1753 1417 passionum
1767 1324 1999 1418 conquirenda
2018 1334 2097 1398 suut
2114 1329 2242 1423 quibus

270 1461 359 1533 quae
387 1437 560 1533 scripserit
578 1448 698 1510 auctor
711 1437 783 1534 ipse
803 1462 866 1510 nos
883 1438 1013 1510 doceat.
1042 1439 1084 1511 ln
1103 1439 1226 1534 quibus
1240 1439 1442 1512 testimoniis
1457 1439 1701 1536 componendis
1715 1441 1870 1513 ordinem
1887 1451 2108 1516 secutussum
2125 1445 2239 1520 hunc:

266 1553 423 1626 Primum
442 1551 555 1624 locum
574 1555 739 1626 tenebunt
760 1578 801 1627 ea
825 1578 913 1649 quae
927 1563 1084 1650 spectant
1108 1555 1152 1628 ad
1169 1556 1276 1630 libros
1301 1556 1576 1654 Responsionum
1602 1566 1636 1630 et
1659 1559 1704 1631 ad
1723 1583 1781 1632 eos
1798 1559 1923 1654 quibus
1936 1559 2083 1655 scriptor
2102 1563 2240 1657 specia-

269 1667 349 1741 liter
374 1668 416 1741 de
441 1667 558 1763 aliqua
585 1669 775 1742 medicinae
807 1681 905 1765 parte
930 1671 966 1740 in
988 1669 1055 1742 illis
1078 1670 1284 1743 adumbrata
1310 1672 1479 1768 copiosius
1501 1682 1561 1745 aut
1583 1675 1691 1768 egerit
1717 1683 1777 1747 aut
1801 1699 1905 1772 agere
1928 1676 1992 1750 sibi
2009 1680 2240 1774 proposuerit.

268 1784 445 1858 Accedent
463 1809 504 1856 ea
538 1808 626 1880 quae
645 1793 725 1856 sunt
758 1783 801 1857 de
827 1784 922 1857 libris
959 1785 1071 1879 quiin
1097 1784 1157 1856 illa
1177 1786 1264 1858 serie
1285 1810 1354 1857 non
1375 1786 1478 1860 luisse
1498 1787 1700 1882 videantur;
1734 1788 1777 1861 de
1795 1787 2017 1865 Salutaribas
2036 1791 2241 1891 Praeceptis

269 1900 402 1974 etiamsi
427 1900 502 1996 ipsa
522 1924 657 1996 quoque
674 1901 719 1972 ad
740 1899 993 1996 Responsiones
1026 1901 1198 1996 pertinent
1215 1901 1328 1974 dicam
1345 1901 1381 1974 in
1395 1901 1609 1998 praefatione
1628 1903 1834 1976 recensionis
1865 1929 1970 2000 quam
1987 1907 2059 2002 ipse
2073 1915 2150 2004 past
2169 1909 2239 1982 Ro-

267 2040 363 2089 seum
393 2015 639 2088 conficiendam
658 2017 801 2112 suscepi.
841 2015 921 2088 Non
942 2040 1081 2111 possum
1100 2016 1134 2088 in
1154 2015 1220 2087 hac
1242 2019 1529 2092 commentatione
1560 2018 1707 2092 alterum
1738 2017 1824 2092 illud
1849 2020 2126 2118 Responsionum
2145 2025 2239 2120 frag·

267 2141 422 2205 mentum
442 2139 476 2203 et
494 2132 607 2227 ipsum
632 2132 847 2226 recognitum
866 2131 1020 2227 proferre
1042 2154 1106 2203 nec
1122 2155 1289 2227 quaerere
1306 2131 1461 2228 pluribus
1478 2135 1520 2207 dc
1539 2134 1705 2207 librorum
1723 2133 1774 2207 Dc
1793 2133 1960 2210 tetram
1977 2138 2129 2235 reliquiis
2153 2165 2240 2236 ques
2365 2185 2366 2200 .

267 2247 430 2321 Aurelius
448 2248 507 2342 qui
526 2248 650 2320 dicitur
674 2248 866 2320 servavisse
889 2247 1139 2342 Darembergio
1157 2247 1250 2320 visus
1267 2256 1339 2342 est3
1369 2249 1429 2322 sed
1447 2248 1531 2322 satis
1560 2249 1695 2321 habebo
1713 2250 1750 2322 in
1766 2249 1831 2324 hoc
1842 2252 1960 2348 'capite
1978 2253 2021 2326 de
2047 2255 2088 2328 iis
2105 2255 2240 2350 gravis-

267 2387 354 2438 sima
368 2387 506 2460 ponere.

414 2478 502 2551 Sunt
518 2491 635 2551 autem
652 2479 848 2552 testimonia
864 2477 970 2552 haec:

418 2603 447 2675 1.
477 2603 528 2675 ed.
550 2603 675 2676 Aurora.²
694 2601 753 2675 cei.
773 2601 829 2676 lib.
853 2601 880 2675 I.
891 2627 928 2700 p.
948 2602 965 2674 1
983 2602 1002 2696 ξ
1017 2603 1052 2674 2.
1070 2601 1161 2676 Nam
1176 2604 1559 2699 iaterrcpaticrram
1580 2629 1627 2679 ac
1641 2606 2101 2703 responsiooamlibros
2115 2609 2241 2706 quibas

266 2742 415 2794 caraem
439 2719 681 2792 medicinam
707 2717 896 2790 breuiter
921 2717 1014 2789 dici
1031 2718 1286 2793 iarrdadam⁸
1313 2720 1365 2794 ad
1378 2719 1613 2794 Lucretium
1631 2734 1811 2796 rostram
1824 2724 2042 2820 perscriptos
2060 2725 2241 2820 aptissime
2366 2697 2367 2724 Χ

265 2835 460 2909 destinari.

410 2951 445 3023 2.
474 2949 535 3023 cel.
555 2949 612 3023 lib.
629 2949 675 3022 ll.
696 2975 723 3023 c.
741 2948 865 3024 XXIX
880 2975 917 3048 p.
943 2951 1046 3046 ldt·§
1064 2949 1145 3023 153.
1183 2949 1263 3022 Post
1278 2951 1486 3023 cerularium
1502 2973 1584 3022 cero
1603 2951 1807 3047 apponimus
1822 2950 1914 3048 quod
1936 2949 2134 3049 appellatur
2161 2951 2240 3025 dia-

265 3065 390 3162 clrploa
409 3065 464 3139 ccl
481 3065 623 3140 Marmei.
646 3066 712 3138 ciii
728 3068 831 3138 ctiam
850 3066 1081 3140 addidicerant
1103 3065 1191 3139 iliad
1215 3065 1307 3163 qaod
1323 3064 1445 3140 Nileus
1464 3064 1671 3163 appellatur.
1705 3065 1794 3140 item
1822 3067 2117 3164 Anraoptcmas
2147 3090 2238 3166 quoe

266 3207 336 3256 aaa
353 3195 432 3256 sum
447 3185 495 3254 ito
513 3184 725 3254 ceteri-entia
745 3187 973 3279 dprapterea
999 3181 1241 3280 permittenda.
1276 3181 1407 3254 Horam
1424 3205 1509 3254 sane
1540 3184 1800 3278 compositiores
1824 3182 1848 3255 d
1854 3205 1872 3256 a
1895 3183 2239 3256 medicaminibus

265 3299 503 3371 scribentes
525 3297 918 3394 Jaterrapaticaam
938 3297 1138 3372 docuimus
1167 3297 1302 3370 tibris.
1343 3309 1348 3326 ·

412 3413 446 3487 3.
475 3413 563 3486 tdrd.
587 3413 643 3487 lab.
657 3412 702 3485 ll.
717 3438 744 3486 c.
764 3413 823 3488 IV.
836 3438 872 3510 p.
890 3413 964 3486 376
977 3413 1133 3508 §st-85.
1155 3413 1326 3498 Qumcdc
1338 3425 1449 3487 autem
1469 3414 1538 3486 sint
1556 3412 1742 3508 auferendi
1754 3413 1872 3486 dentes
1885 3413 1984 3486 caesi
1997 3411 2053 3485 ccl
2070 3414 2154 3486 moti
2166 3413 2239 3486 nati

265 3531 405 3604 seruari
414 3531 601 3627 proluerint,
627 3525 751 3602 libris
771 3529 1078 3604 incdictaattam
1096 3529 1422 3626 Responsionum
1446 3530 1668 3602 docuimus.⁸

414 3645 447 3719 t.
471 3645 560 3718 tcrd.
579 3644 635 3717 tib.
653 3643 680 3716 I.
698 3667 726 3717 c.
744 3644 771 3717 I.
786 3669 821 3734 p.
839 3644 914 3717 284
929 3645 948 3740 ξ
965 3645 1023 3718 ts.
1056 3645 1189 3718 Deliae
1204 3647 1308 3718 etiam
1323 3647 1442 3743 coquis
1454 3644 1615 3718 alendam
1635 3657 1685 3717 est
1702 3659 1804 3743 atqae
1819 3645 1968 3718 diuersas
1990 3645 2140 3718 ciborum
2151 3644 2235 3742 pat

265 3767 398 3849 creatis,
424 3761 516 3861 qaod
533 3762 667 3858 quidem
687 3759 815 3836 latitas
832 3761 956 3834 tertio
974 3756 1307 3858 Responsionum
1326 3760 1430 3833 libro
1445 3760 1677 3834 iamdudum
1696 3760 1917 3835 docuimus·

379 3985 534 4052 ¹Horum
574 3983 715 4048 comeum
756 3984 931 4051 testimonia
969 4005 1062 4070 supra
1089 3986 1157 4071 pl
1194 3983 1289 4048 allate
1328 3992 1417 4066 sunt3
1457 3981 1594 4048 codicem
1634 3982 1865 4048 Pilato-Vatia.
1900 3983 1962 4048 illic
1997 3981 2234 4048 Laurissensem

265 4093 439 4179 appellavi5
468 4107 588 4158 servata
604 4103 675 4155 sunt
693 4091 755 4154 illis
771 4090 860 4155 codd.
880 4090 957 4154 nihil
980 4091 1036 4154 nisi
1056 4111 1170 4156 nomen
1197 4090 1297 4176 patria
1324 4095 1408 4154 secta
1433 4089 1512 4155 tituli
1531 4089 1623 4155 trium
1647 4090 1806 4155 librorum.
1832 4092 1870 4154 cl.
1887 4090 1979 4156 etiam
1999 4089 2175 4176 fragmenta
2192 4111 2233 4155 ex

263 4199 366 4265 Libris
380 4200 631 4286 Responsionum
647 4198 685 4262 de
707 4197 910 4262 Muliebribus
930 4219 1010 4284 quae
1024 4197 1108 4262 Rose
1132 4197 1285 4283 congessit
1297 4197 1328 4260 in
1343 4195 1391 4260 ed.
1409 4194 1637 4282 Gynaeciorum
1658 4220 1689 4284 p.
1710 4200 1767 4262 141
1787 4218 1867 4283 ssq.;
1886 4217 1926 4262 ex
1939 4195 2120 4283 fragmentis
2135 4195 2232 4285 Resp.

263 4306 416 4393 Augiensi
432 4320 462 4371 et
478 4305 666 4370 Londinensi
681 4327 739 4370 nec
755 4305 794 4370 de
809 4305 956 4391 scriptore
970 4325 1028 4369 nec
1044 4304 1083 4370 de
1098 4303 1218 4391 scriptis
1233 4303 1300 4368 eins
1315 4303 1481 4390 qrddquam
1497 4302 1651 4368 discimus.

375 4433 385 4467 ¹
409 4427 498 4494 Haec
513 4429 687 4494 testimonie
705 4449 745 4494 ex
760 4428 831 4494 edd.
848 4450 915 4516 ppr.
930 4428 1060 4516 proferri
1073 4435 1312 4493 consentaneum
1327 4435 1373 4493 est
1388 4448 1450 4494 non
1465 4429 1591 4493 mutatis
1606 4439 1660 4493 eut
1670 4429 1773 4493 verbis
1788 4439 1841 4493 aut
1857 4428 2058 4496 distinctione.

353 4558 384 4609 ·⁸
408 4553 573 4628 Quomodo
604 4553 638 4618 C.
653 4556 694 4618 A.
724 4553 944 4638 ‚iamdudum“
974 4554 1170 4640 usurpaverit
1192 4553 1381 4640 intellegitur
1407 4574 1448 4617 ex
1465 4553 1513 4617 his
1535 4553 1611 4617 libb.
1631 4555 1689 4619 cel.
1714 4564 1744 4619 et
1763 4554 1842 4619 tard.
1866 4574 1948 4640 pass.
1969 4554 2064 4619 locis:
2092 4575 2121 4640 p.
2139 4555 2229 4637 520„

261 4662 397 4749 (respicit
413 4661 486 4747 πάξ
506 4663 571 4747 ta),
587 4663 673 4745 92⁸„
704 4663 810 4746 rsa„
842 4663 951 4746 ata„
977 4662 1108 4744 393,„,'
1122 4662 1240 4745 398„,‚
1264 4661 1387 4746 llbffl,
1416 4661 1524 4744 52⁰⁷„
1556 4661 1645 4745 561„
1661 4667 1717 4726 etc.

374 4788 457 4854 ‘ed
471 4787 584 4852 amm:
604 4784 889 4873 ‚,Apollopha11is“;
925 4785 1025 4850 fateor
1042 4807 1092 4852 rne
1107 4786 1224 4851 nescire
1238 4785 1321 4873 quod
1337 4785 1518 4851 cenatorium
1541 4785 1632 4850 fuerit
1661 4784 1950 4872 „Antisophautis“;
1989 4784 2027 4850 of.
2060 4785 2165 4851 testi
2199 4793 2229 4850 et

261 4892 509 4984 Καφισοφῶντος.

371 5025 381 5058 ³
405 5020 457 5085 Ad
473 5041 565 5107 quem
579 5019 692 5084 librum
709 5019 957 5105 Responsionum
974 5017 1009 5083 C.
1027 5018 1067 5086 A.
1082 5019 1227 5084 hocloco
1252 5019 1437 5106 spectaverit
1455 5019 1511 5084 etsi
1527 5039 1582 5105 pro
1598 5025 1681 5084 certo
1706 5018 1766 5083 dici
1783 5039 1845 5084 nou
1861 5025 1963 5106 potest
1986 5026 2090 5084 tamen
2105 5017 2171 5082 reri
2188 5018 2226 5082 si·

259 5128 362 5194 milius
378 5141 424 5192 est
446 5149 517 5194 eum
530 5129 562 5192 in
587 5126 832 5212 chirurgumenis
855 5125 1055 5192 dedentibus
1081 5126 1279 5192 extrahendis
1309 5126 1408 5213 egisse
1438 5147 1533 5212 quam
1558 5125 1590 5190 in
1606 5126 1844 5192 medicaminum
1870 5125 1964 5210 libris,
1989 5126 2021 5191 in
2050 5125 2161 5213 quibus
2188 5125 2226 5191 da

260 5235 396 5301 dentium
412 5235 658 5300 confricamentis
672 5255 706 5298 se
721 5231 834 5300 dixisse
848 5234 879 5298 in
896 5234 1007 5300 eodem
1023 5235 1123 5320 capite
1141 5233 1207 5320 ipsa
1227 5240 1365 5298 testatur.
1380 5231 1418 5297 cl.
1432 5239 1500 5298 test.
1521 5235 1570 5299 17.

371 5362 382 5397 ⁸
405 5358 490 5424 Rose
505 5359 568 5444 (ed.
584 5358 666 5446 Gya.
684 5357 750 5425 Sor.
767 5380 798 5447 p.
819 5361 895 5443 143)
922 5358 962 5423 ad
984 5359 1098 5423 librum
1115 5357 1336 5423 adiutoriorum
1364 5357 1424 5423 hoc
1451 5359 1659 5424 testimonium
1685 5359 1788 5424 rotulit
1815 5379 1885 5424 cum
1900 5359 1954 5424 illo
1972 5352 2043 5425 loco
2057 5378 2225 5446 coquorum
