4756 6094
1013 397 1206 466 ..pp-

367 571 458 667 qucd
476 593 546 642 non
572 579 779 642 enarrantur
807 570 873 642 nisi
904 571 1103 642 morborum
1129 569 1385 656 significationes
1408 569 1608 642 dlllcrcntluc
1630 572 1827 665 curationes,
1853 569 1977 642 deinde
2003 567 2096 664 quod

360 711 472 760 sermo
500 693 551 760 est
569 686 651 757 allus
670 685 793 758 aetatis
824 685 889 758 loci
925 687 1096 760 societatis
1126 687 1305 758 hominum
1333 685 1509 782 proprius;
1543 709 1654 782 neque
1671 710 1754 758 uero
1773 686 1809 758 in
1829 686 2096 781 interpretandis

366 801 511 898 singulis
529 802 641 874 verbis
661 801 718 874 ille
733 801 844 896 magis
862 826 966 897 quam
986 803 1024 876 C.
1044 805 1088 876 A.
1110 803 1154 874 ab
1170 801 1328 898 exemplo
1348 825 1471 896 graeco
1490 804 1667 876 recessisse
1684 801 1830 874 videtur.
1928 867 1932 877 .

314 924 348 992 7“
367 917 547 992 Permulta
566 927 710 1014 possunt
727 917 872 1012 proferri
887 917 930 990 ad
950 917 1190 990 illustrandam
1217 941 1277 1013 per
1291 917 1429 1012 singula
1448 918 1616 990 rationem
1632 942 1701 1013 qua
1714 917 1850 990 differat
1868 917 1906 990 C.
1928 919 1971 990 A.
1987 916 2094 988 inter·

365 1035 513 1130 pretatic
536 1033 580 1104 ab
597 1031 659 1104 illa
674 1057 742 1127 qua
756 1031 809 1105 usi
826 1041 907 1104 sunt
929 1033 1090 1106 Aurelius
1110 1040 1144 1104 et
1162 1031 1383 1126 Escolapius5
1418 1057 1507 1128 quae
1526 1033 1642 1106 omnia
1671 1035 1785 1129 aptius
1807 1033 1852 1105 ad
1876 1057 1984 1106 unum
2001 1032 2094 1128 quod

359 1173 426 1244 quc
443 1157 548 1244 caput
565 1147 724 1220 editionis
752 1148 1030 1242 adnotabuntur;
1061 1148 1283 1244 nequeenim
1316 1149 1502 1243 quidquam
1527 1148 1607 1222 libri
1640 1149 1773 1222 Aurelii
1798 1159 1832 1221 et
1855 1148 2029 1245 Escolapii
2047 1147 2093 1220 ad

355 1264 588 1337 emendandos
616 1263 716 1334 llhrcs
740 1263 797 1333 ccl.
814 1265 848 1332 st
871 1263 956 1333 tatd.
980 1282 1070 1351 pass.
1089 1263 1246 1334 adferent
1262 1265 1327 1336 nisi
1346 1266 1435 1349 ipsos
1454 1275 1622 1360 quantum
1643 1265 1768 1360 poterit
1793 1265 1866 1337 fieri
1891 1261 2094 1361 purgaveri-

354 1405 430 1453 mus
449 1405 489 1452 ac
507 1403 551 1452 ne
571 1391 642 1451 turn
662 1379 799 1473 quidem
826 1379 891 1450 nisi
904 1378 948 1450 ad
966 1379 1223 1452 emendationes
1238 1379 1434 1452 firmandas.

270 1494 377 1568 Velut
390 1497 425 1567 in
439 1495 526 1567 tard.
543 1519 632 1592 pass.
646 1494 703 1565 lib.
720 1492 764 1564 V.
781 1516 855 1588 cap.
874 1493 919 1565 II.
935 1495 954 1588 ξ
970 1499 1080 1568 37-38
1091 1495 1142 1566 cd.
1155 1499 1271 1570 Amm.
1283 1519 1315 1591 p.
1329 1499 1392 1570 561
1408 1503 1479 1584 cst,
1496 1495 1804 1588 diathallasestum,
1820 1495 2008 1590 paulatim“
2028 1503 2091 1566 etc.

120 1609 183 1703 (sic
203 1611 373 1683 etiamad.
393 1611 420 1684 1.
442 1611 484 1682 ol.
507 1612 610 1707 paulo
628 1624 767 1705 supra);
796 1609 895 1682 l'aoile
914 1609 1126 1704 intellegitur
1147 1610 1405 1706 ,diethalasses
1426 1621 1498 1683 tum
1524 1609 1735 1706 paulatim“;
1761 1611 1810 1683 sic
1826 1611 2093 1684 emendaveram

121 1727 324 1822 priusquam
345 1727 569 1822 ,diatalasses‘
586 1751 607 1798 a
625 1725 722 1798 codd.
743 1723 917 1820 Escolapii
932 1725 1086 1797 exhiberi
1105 1725 1185 1798 vidi.

271 1842 444 1930 Quoniam
475 1843 607 1915 codices
635 1865 678 1912 ex
709 1840 832 1934 quibus
862 1849 956 1912 ortae
985 1851 1065 1913 sunt
1091 1840 1166 1913 edd.
1193 1865 1250 1937 pp.
1281 1841 1550 1937 praestantiores
1577 1841 1682 1914 fuisse
1714 1841 1861 1914 uidimus
1889 1842 1930 1914 iis
1962 1843 2021 1938 qui
2052 1842 2098 1915 ad

122 1957 339 2030 emendanda
354 1959 460 2030 verba
475 1958 530 2031 hic
554 1965 588 2030 et
607 1955 676 2028 illic
695 1955 825 2028 auxilio
844 1979 917 2028 esse
944 1967 1088 2053 possunt
1116 1957 1293 2052 quaeritur
1310 1957 1600 2052 quemadmodum
1628 1958 1765 2052 utrique
1780 1958 1921 2030 editori¹
1952 1957 2035 2030 fides
2052 1959 2098 2031 sit

122 2074 306 2166 habanda3
338 2097 528 2168 numquam
542 2096 625 2145 sane
652 2081 691 2142 ut
709 2095 763 2142 res
781 2094 872 2142 nuno
886 2079 937 2144 est
961 2071 1131 2144 editorum
1149 2071 1289 2144 modum
1305 2073 1510 2146 emendandi
1525 2080 1559 2145 et
1573 2073 1765 2167 castigandi
1781 2075 1817 2145 in
1831 2073 1976 2167 singulis
1995 2075 2098 2146 rebus

123 2189 306 2262 aestimare
321 2213 362 2261 ac
375 2189 516 2260 delinire
531 2188 730 2284 poterimus,
749 2188 808 2260 sed
825 2187 925 2260 nobis
945 2189 1003 2282 qui
1023 2188 1206 2283 diligenter
1233 2188 1308 2261 edd.
1328 2213 1378 2285 pr.
1398 2188 1608 2284 perlegimus
1627 2187 1677 2260 illi
1691 2189 1795 2276 mauis
1812 2213 1833 2261 a
1850 2190 2099 2262 mutationibus

123 2305 329 2379 abstinuisse
352 2305 512 2377 videntur
536 2327 641 2400 quam
655 2303 746 2376 Rose
766 2302 901 2398 putavit
919 2304 952 2375 in
968 2303 1185 2377 recensendis
1203 2304 1479 2400 Responsionum
1504 2303 1709 2400 fragmentis
1720 2307 1751 2398 ;¹
1781 2305 1873 2400 quod
1888 2313 1925 2376 ut
1943 2303 2098 2376 luculen-

122 2423 192 2494 tius
210 2429 378 2517 appareat
398 2444 468 2492 non
491 2419 588 2492 nulla
606 2419 753 2493 adiciam
771 2419 815 2490 ad
835 2443 876 2490 ea
899 2443 989 2514 quae
1007 2443 1114 2516 supra
1131 2421 1259 2515 passim
1274 2427 1542 2494 commemorata
1556 2426 1647 2514 sunt,
1674 2420 1746 2516 ipse
1764 2443 1846 2492 vero
1866 2419 1974 2492 addas
1992 2419 2098 2492 velim

121 2561 212 2632 quae
230 2537 266 2608 in
285 2545 359 2608 tota
372 2535 661 2608 commentatione
677 2534 720 2607 de
735 2542 834 2606 textu
848 2533 924 2606 edd.
941 2558 997 2632 pp.
1012 2535 1245 2632 proferuntur.

270 2653 386 2746 Atque
404 2651 554 2748 primum
573 2651 712 2746 quidem
737 2674 864 2745 graeca
881 2673 1017 2747 semper
1046 2653 1117 2724 fere
1147 2653 1329 2725 immutata
1348 2677 1369 2724 a
1388 2649 1554 2723 Sichardo
1581 2649 1717 2744 saepius
1744 2673 1887 2744 quama
1913 2648 2096 2722 Guinterio

121 2775 261 2862 recepta
280 2774 380 2839 sunt:
1228 2762 1230 2768 ’

271 2882 311 2954 Ε.
341 2907 375 2977 g.
408 2881 569 2956 infinitivi
611 2882 791 2978 lymenin
832 2892 994 2978 λυμαίνειν,
1036 2883 1224 2956 nesteuin
1262 2893 1424 2978 mareota,
1463 2882 1730 2955 monousthae
1770 2890 1947 2976 mactabat,
1990 2879 2094 2972 (tard.

121 2997 242 3090 libb.);
275 2997 592 3094 psichrolusian‚
624 2997 838 3092 diachisin,
873 2999 1039 3094 piretro,
1073 2997 1313 3095 paralipsin,
1345 2998 1648 3071 schediasticon
1675 2998 1807 3094 pirou,
1844 2995 2095 3090 chiraps'ian,

123 3115 381 3209 onirogonos,
425 3115 707 3211 oniropolesis‚
752 3114 979 3210 phtirissis,
1022 3114 1318 3210 lipothymiam‚
1357 3113 1479 3198 laxes,
1516 3112 1696 3186 helioses
1721 3125 1832 3208 (-εις);
1865 3138 1944 3188 acc.
1971 3112 2093 3209 plun:

122 3229 300 3324 ionthcs,
321 3229 673 3326 logothecrethos,
694 3229 936 3324 malthacos,
955 3229 1254 3324 sclerosarcos;
1282 3227 1573 3324 olecptisanon
1592 3229 1742 3322 (Amm:
1775 3228 1902 3326 slata),
1926 3228 2096 3324 hydrae-

122 3343 228 3440 leon,
264 3345 389 3440 dicta,
419 3345 651 3442 disteticus,
683 3345 889 3442 perincon,
920 3347 1199 3442 peritoneon,³
1232 3345 1512 3442 phlepharica,
1547 3344 1722 3439 magdon
1751 3345 1906 3442 (μακτόν),
1948 3343 2097 3417 andra-

122 3461 268 3558 phasin
288 3462 391 3556 (to),
429 3462 633 3556 iaquintio
669 3463 855 3556 (scartorp),
893 3463 1081 3535 raccosin
1112 3471 1150 3535 et
1181 3462 1385 3556 rhacosin,
1426 3461 1563 3533 cocias
1597 3463 1746 3554 (Amm:
1776 3463 1915 3556 κωδὶας),
1950 3459 2095 3532 rhinen

124 3579 254 3670 (Amm.
276 3574 411 3672 ptmpa),
448 3577 649 3649 cathoden
677 3579 811 3675 (Amm.
851 3577 912 3651 cel.
943 3577 989 3650 II.
1009 3579 1029 3673 ξ
1049 3583 1095 3653 56
1124 3579 1239 3650 nescio
1265 3601 1326 3649 cur
1356 3585 1561 3672 separatam
1600 3574 1642 3648 cf.
1676 3575 1756 3648 ibid.
1778 3576 1885 3670 §58),
1924 3573 2099 3671 permulta

122 3692 193 3766 alia
218 3691 320 3764 huius
350 3693 487 3788 generis
518 3717 607 3788 quae
627 3702 661 3766 et
679 3694 805 3766 rectius
830 3692 1010 3766 scribenda
1038 3717 1101 3766 neo
1134 3703 1205 3766 tam
1233 3692 1353 3766 leviter
1381 3691 1548 3766 mutanda
1577 3701 1677 3764 erunt
1708 3714 1813 3787 quam
1845 3691 1881 3762 in
1908 3691 1959 3764 ed.
1976 3692 2095 3763 Amm.

119 3809 253 3882 factum
277 3817 338 3880 est.

236 4089 243 4124 ¹
268 4085 318 4152 Dc
334 4086 484 4153 Sichardo
496 4089 534 4152 cf.
552 4089 662 4154 Rossl
689 4091 710 4154 1.
724 4113 753 4177 p.
771 4093 832 4156 165
846 4113 854 4176 3
871 4090 1051 4158 Guintcrius
1066 4092 1097 4156 in
1113 4091 1173 4156 hoo
1192 4089 1318 4178 quidem
1334 4097 1422 4156 textu
1438 4092 1549 4178 dignus
1568 4091 1690 4156 videtur
1704 4112 1771 4156 esse
1785 4091 1835 4155 oui
1849 4089 1926 4156 fides
1941 4091 2097 4156 habeatur

122 4213 192 4256 cum
206 4193 279 4258 dicit
294 4216 327 4260 se
342 4216 470 4262 munere
484 4218 540 4261 suo
558 4197 697 4262 functum
713 4221 780 4264 csse
800 4199 930 4282 ,leuiter
944 4200 1155 4287 potiusquam
1175 4219 1282 4263 seuere
1294 4200 1505 4286 castigandc.“
1523 4199 1623 4265 Aliter
1639 4199 1677 4264 dc
1693 4197 1802 4264 ecdem
1815 4198 1932 4266 editore
1950 4198 2095 4264 iudicavit

122 4297 182 4364 Th.
201 4299 402 4367 Puschmann
418 4303 467 4368 ed.
485 4326 535 4390 op.
553 4303 729 4370 Alexandri
744 4303 841 4370 Trall.
857 4305 995 4372 Vindob.
1024 4309 1108 4372 1878
1124 4304 1198 4371 Vol.
1212 4305 1238 4369 1.
1254 4304 1359 4372 Praei.
1372 4329 1402 4394 p.
1421 4309 1472 4374 98.
1501 4306 1612 4388 ,Doch
1635 4307 1690 4372 hat
1705 4328 1738 4372 cr
1758 4315 1815 4387 (so.
1837 4305 2015 4372 Guinterius
2042 4306 2096 4393 qui

120 4405 297 4472 Alexandri
320 4431 445 4496 quoque
460 4410 575 4496 scripta
590 4412 722 4497 primum
752 4411 861 4498 edidit)
888 4412 959 4478 dem
988 4413 1158 4478 Bostreban
1189 4413 1244 4476 das
1259 4412 1362 4478 Werk
1378 4437 1416 4480 zu
1430 4413 1714 4500 vervollsthndigen
1742 4414 1891 4479 auweilen
1920 4436 1957 4478 zu
1990 4434 2096 4500 grosse

121 4511 349 4580 Concessionsn
375 4517 529 4602 gemacht,
557 4539 648 4582 weun
671 4539 705 4583 er
719 4519 800 4584 auch
827 4519 971 4604 schreibt,
997 4521 1073 4584 nihil
1096 4529 1212 4586 temere
1235 4521 1415 4586 immutasse
1445 4521 1503 4584 nisi
1534 4541 1574 4585 ex
1605 4519 1767 4584 meliorum
1797 4518 1938 4584 codicum
1957 4519 2097 4586 salioru

120 4620 288 4687 authorum
304 4623 441 4690 subsidio
456 4625 508 4690 vel
525 4625 673 4691 adiecisse
689 4627 740 4692 vel
762 4628 952 4693 sustulisse.l

233 4784 244 4818 ¹
267 4780 353 4846 Rose
376 4782 397 4845 l.
416 4783 483 4870 hp.
504 4787 564 4848 177
585 4784 676 4865 ,dass
688 4786 738 4852 die
763 4786 931 4854 entdeolrer
953 4787 1017 4853 und
1039 4787 1248 4873 herausgcbcr
1272 4787 1434 4852 derselben
1458 4789 1513 4874 (sc.
1529 4786 1619 4852 codd.
1644 4785 1719 4852 libb.
1740 4787 1797 4852 cel.
1814 4787 1933 4852 sttard.
1949 4789 2045 4874 pass.)
2063 4786 2099 4852 in

118 4886 209 4951 ihren
224 4893 331 4952 texten
349 4889 451 4976 wenig
473 4891 623 4976 gedudert
644 4893 747 4958 haben
777 4893 842 4958 und
857 4916 895 4958 au
922 4895 1041 4960 andern
1069 4894 1186 4978 hatten,
1214 4893 1300 4958 nicht
1325 4893 1415 4958 mehr
1428 4893 1583 4980 ungeldhr
1597 4893 1643 4958 als
1667 4891 1731 4958 ich
1754 4892 1863 4979 niithig
1882 4893 1969 4958 hatte
1993 4893 2025 4957 iu
2041 4891 2098 4957 de'r

116 4992 312 5080 herstellung
327 4994 381 5060 des
396 4995 637 5082 fragentaxtes.“
655 5007 732 5088 etqs.
760 4999 919 5075 Quantum
939 4999 1024 5066 Rose
1046 5001 1213 5066 mutaverit
1229 5021 1256 5065 e.
1269 5023 1299 5086 g.
1318 5001 1350 5064 in
1369 4999 1562 5065 Salutaribus
1578 4999 1752 5088 praeceptis
1770 5021 1811 5065 cx
1824 5021 1894 5064 mea
1917 5000 2099 5066 recensione

115 5100 268 5186 colligas5
284 5100 392 5168 dubito
408 5124 483 5168 num
497 5103 630 5172 editores
645 5127 698 5193 pp·
715 5107 907 5173 tantumdem
927 5108 1114 5174 emendandi
1129 5107 1231 5172 studio
1246 5106 1438 5172 indulserint.

234 5265 245 5301 ³
269 5263 307 5326 cf.
323 5263 401 5328 tard.
419 5285 500 5352 pass.
518 5265 571 5330 lib.
587 5265 628 5330 V.
646 5285 714 5353 cap.
730 5265 782 5330 ΠΙ
795 5267 822 5330 dr
837 5265 886 5331 IV
904 5267 1124 5354 ,peritonson“
1145 5275 1175 5333 et
1196 5268 1383 5356 ,perincon“
1402 5266 1649 5352 conhrnduntur3
1678 5265 1784 5332 Amm.
1800 5263 2015 5351 configendum
2031 5269 2100 5329 esse

114 5369 249 5458 putavit.
2088 5419 2091 5426 ,

2080 5463 2097 5512 A
