4756 6094
1157 391 1349 458 ...46-

263 565 339 628 test.
371 555 539 630 librorum
558 558 646 630 raro.
669 582 757 653 pass.
792 561 904 632 nrinus
932 561 1152 632 temerarium
1172 573 1222 633 est
1244 574 1394 634 statuere
1415 561 1572 634 librarios
1593 562 1645 633 rel
1667 562 1832 634 editorem
1850 563 2039 658 principem
2061 585 2140 634 urio
2158 563 2236 635 loco

267 673 506 764 „dorrrrr'mus“
537 673 660 768 legisse
679 699 742 770 pro
768 676 986 764 „docuimusl
1019 700 1122 770 quam
1155 677 1312 750 duobus
1349 679 1567 767 „domimum¹
1595 701 1658 772 pro
1695 677 1945 766 promimur.
1975 677 2074 765 Quod
2097 680 2239 752 sirecte

261 788 469 862 coniecimus
498 789 680 862 hoslibros
704 791 909 888 compositos
924 816 997 864 csse
1016 791 1189 887 colligitur
1209 802 1300 888 post
1316 793 1453 886 celeres,
1482 809 1577 865 ante
1607 793 1724 864 tardas
1752 794 1927 888 passiones
1955 794 2004 866 ita
2035 804 2071 866 ut
2088 795 2177 866 idem
2202 797 2239 866 in

263 927 321 976 eos
346 904 448 978 carlet
465 905 556 998 qnod
575 905 617 976 de
636 906 885 978 adiutoriorum
903 908 998 980 libris
1021 931 1126 1001 supra
1146 910 1342 1004 posuimus3
1377 909 1533 982 firmatur
1553 919 1666 981 autem
1687 908 1771 980 haec
1791 908 1986 992 coniectura
2006 933 2046 980 eo
2066 911 2157 1004 quod
2176 935 2240 1007 per

262 1046 300 1094 se
339 1023 450 1116 ipsum
482 1022 629 1092 occurrit
661 1021 817 1094 Caelium
852 1047 930 1094 uno
962 1023 1181 1117 eodemque
1211 1034 1364 1122 tempore
1392 1025 1433 1098 de
1462 1025 1646 1096 omnibus
1673 1023 1850 1095 adiutoriis
1883 1033 1917 1095 et
1943 1024 2152 1119 simplicibus
2181 1025 2235 1096 vel

264 1135 483 1231 generalibus
504 1147 537 1207 et
556 1138 760 1232 specialibus
781 1140 891 1233 egisse
907 1163 958 1210 un
966 1163 1031 1210 nm
1051 1151 1089 1209 ut
1109 1139 1245 1210 ridetur
1260 1140 1456 1236 exemplum
1474 1149 1627 1212 secutum
1642 1139 1906 1211 commentarios
1923 1152 1989 1231 περὶ
2005 1150 2236 1235 denegamus&

263 1277 353 1347 quac
384 1253 511 1324 fuerint
544 1252 604 1324 illa
626 1254 796 1325 adiutoria
814 1279 857 1326 ex
876 1255 1077 1326 testimoniis
1095 1264 1248 1350 apparet.

304 1609 379 1672 i'li.
417 1610 771 1696 llellesponslenum
797 1610 906 1683 llbrls
930 1613 973 1681 rte
997 1613 1242 1686 muliebribus
1265 1613 1372 1682 viliis
1396 1615 1445 1681 rel
1470 1613 1701 1682 muliebrium
1726 1613 1946 1698 passionum
1972 1613 2061 1682 etde
2086 1611 2196 1683 libris

585 1716 629 1786 le
654 1717 874 1788 mulieribus
896 1719 945 1788 rel
971 1716 1215 1788 muliebribus
1239 1735 1331 1804 eros
1356 1719 1490 1791 Graeci
1514 1720 1728 1804 uynaecien
1751 1721 1905 1789 vocent.

1056 1845 1124 1896 rest.
1149 1831 1448 1898 XXXVIII-iiiut

411 2047 468 2118 Ex
486 2046 526 2117 iis
545 2045 748 2118 testimoniis
776 2045 899 2140 quibus
928 2047 1074 2142 scriptor
1093 2048 1262 2142 expressis
1294 2047 1406 2120 rerbis
1428 2047 1471 2118 ad
1489 2047 1765 2142 Responsionum
1784 2047 1890 2119 libros
1909 2047 2082 2141 legentem
2101 2063 2239 2119 revocet

262 2163 428 2258 colligere
448 2186 518 2234 non
536 2161 616 2234 licet
634 2185 711 2233 eum
745 2161 812 2234 illis
842 2170 954 2233 totum
990 2172 1234 2254 argumentum
1275 2183 1330 2234 roe
1354 2176 1527 2251 γυναικείων
1553 2161 1676 2234 Sorani
1707 2162 1925 2258 complexum
1952 2187 2025 2234 esse
2055 2185 2131 2233 cum
2161 2185 2239 2234 eam

263 2287 402 2352 tantum
432 2285 566 2373 partem
592 2277 760 2372 significet
778 2301 882 2370 qnam
906 2301 968 2350 nos
988 2277 1242 2372 pathologicam
1270 2277 1414 2350 dicimus
1433 2279 1492 2349 scd
1510 2279 1552 2349 rlc
1569 2279 1643 2374 ipsa
1661 2289 1736 2368 arte
1755 2279 1951 2352 obstetricia
1970 2285 2091 2350 taccat.
2129 2275 2240 2349 Estne

265 2396 339 2467 veri
363 2393 473 2467 simile
499 2392 598 2466 illum
618 2399 816 2487 artemque
844 2391 995 2465 Soranus
1014 2395 1167 2466 maxima
1195 2395 1285 2466 inter
1302 2408 1434 2466 veteres
1458 2395 1607 2467 medicos
1624 2395 1779 2468 floruerit
1797 2395 2000 2467 auctoritate
2028 2394 2063 2466 in
2081 2393 2240 2488 Respon-

263 2511 419 2584 sionibus
438 2510 591 2582 omisisse
610 2533 655 2580 an
673 2509 781 2580 deluit
800 2509 931 2580 occasio
964 2508 1036 2580 eius
1063 2509 1336 2604 Responsionurn
1356 2510 1432 2582 libri
1469 2535 1536 2605 quo
1561 2511 1602 2582 de
1621 2535 1661 2582 ea
1679 2511 1887 2583 disseruerat
1916 2509 2239 2582 commemorandi?

265 2627 334 2698 Sed
350 2625 411 2697 tali
426 2625 603 2698 occasione
622 2623 740 2696 oblata
758 2624 859 2715 (tard.
881 2624 938 2696 lib.
959 2625 987 2695 l.
1008 2649 1081 2720 cap.
1103 2624 1165 2696 IV.
1183 2626 1202 2717 ξ
1221 2629 1302 2718 298,
1321 2637 1396 2697 test.
1417 2627 1537 2719 XLII)
1556 2651 1625 2698 non
1654 2627 1908 2720 Responsiones
1925 2625 1984 2698 sed
2014 2625 2120 2696 libros
2152 2648 2240 2718 quos

262 2743 414 2815 scribere
440 2739 549 2811 voluit
578 2739 620 2812 de
647 2737 848 2812 mulieribus
879 2741 1179 2831 commemorarit3
1209 2741 1300 2811 unde
1328 2741 1548 2814 manifestum
1572 2741 1609 2812 lit
1636 2741 1793 2813 Caelium
1820 2742 1855 2813 in
1884 2740 2240 2836 Responsionibus

262 2857 369 2930 artis
400 2855 669 2928 obstetricias
702 2878 783 2926 non
815 2856 894 2928 nisi
925 2880 1120 2928 summanr
1161 2857 1411 2952 praebuisse,
1454 2858 1688 2929 eroouratius
1723 2856 1985 2930 ordinavisse
2018 2854 2240 2928 muliebres

264 2971 480 3070 passiones
500 2994 726 3065 earumque
754 2972 1000 3044 circationes.
1039 2971 1155 3060 Quare
1174 2973 1218 3044 ad
1249 2974 1386 3045 casdem
1416 2973 1670 3068 Responsiones
1701 2981 1833 3068 spectat
1866 2983 1942 3044 test.
1962 2971 2030 3044 XL
2048 2981 2082 3043 et
2099 2982 2241 3066 propter

262 3086 461 3182 argumenti
485 3086 742 3158 similitudinem
762 3095 796 3157 et
813 3088 895 3180 quia
931 3095 982 3158 est
1010 3088 1052 3159 de
1080 3087 1176 3160 libris
1205 3089 1275 3160 iarn
1306 3090 1450 3184 scriptis.
1482 3091 1574 3161 Nam
1595 3115 1637 3161 ne
1657 3089 1824 3184 gynaecia
1843 3089 1976 3160 maiora
2005 3111 2095 3183 quae
2113 3086 2148 3158 in
2174 3085 2238 3158 cel.

263 3205 364 3278 libro.
385 3202 430 3275 II.
450 3211 485 3275 et
499 3203 586 3274 tard.
608 3202 666 3274 lib.
685 3203 712 3274 I.
742 3205 831 3294 (test.
851 3202 937 3275 XLI
957 3213 990 3276 et
1016 3203 1134 3284 XLII)
1153 3228 1227 3276 sese
1250 3204 1458 3298 scripturum
1482 3229 1554 3276 essc
1583 3204 1764 3299 pollicetur
1785 3204 1975 3299 composita
1995 3203 2100 3274 fuisse
2117 3201 2240 3274 credas

262 3329 339 3394 tum
375 3343 453 3392 oum
484 3316 571 3389 baec
602 3318 773 3390 scribebat
800 3319 903 3411 (tard.
927 3317 985 3389 lib.
1006 3317 1050 3390 II.
1084 3343 1111 3391 c.
1139 3319 1164 3389 l.
1193 3331 1268 3390 test.
1289 3319 1371 3412 XL)
1406 3321 1520 3392 olrstat
1554 3321 1645 3414 quod
1676 3320 1748 3414 ipse
1780 3320 1816 3391 in
1845 3318 1933 3390 tard.
1954 3318 2042 3390 libro
2059 3315 2123 3389 Ii.
2145 3319 2237 3408 (test.

265 3433 470 3510 XXXVIII
489 3441 523 3505 et
540 3433 781 3530 XXXVIIII)
799 3433 1074 3529 Responsionum
1094 3459 1164 3505 non
1182 3435 1374 3529 pleniorum
1392 3435 1559 3508 librorum
1581 3437 1788 3508 mentionem
1810 3435 1900 3506 facit.

412 3575 513 3663 Quod
541 3577 570 3648 si
597 3577 648 3647 ita
670 3586 720 3649 est
749 3603 792 3648 cx
820 3577 884 3649 boc
911 3576 1105 3648 testimonio
1134 3586 1167 3646 et
1195 3599 1238 3647 ex
1266 3586 1340 3650 test.
1372 3577 1576 3650 XXXVIII
1601 3589 1745 3674 apparet
1773 3576 1928 3648 Caelium
1957 3572 2242 3670 compluribus

266 3693 454 3766 libris-
474 3715 638 3764 numerus
661 3693 744 3787 poni
767 3715 837 3763 non
858 3701 970 3788 potest
990 3733 1035 3742 -
1055 3690 1279 3764 muliebria
1304 3693 1406 3764 vitia
1438 3717 1657 3788 eorumque
1687 3692 1927 3766 curationes
1947 3689 2149 3780 tradidisse;
2177 3688 2243 3760 sed

265 3811 333 3884 sibi
351 3817 576 3906 proposuerat
593 3816 631 3880 ut
650 3809 857 3903 copiosius
872 3807 991 3879 cadem
1006 3807 1048 3878 dc
1065 3831 1101 3878 re
1119 3807 1300 3879 dissereret
1315 3809 1409 3881 libris
1427 3811 1474 3882 de
1493 3809 1737 3882 mulieribus
1757 3807 1812 3880 vel
1831 3805 2102 3878 muliebribus
2120 3804 2243 3878 libris

267 3951 367 4023 quos
398 3925 546 3998 Graeci
580 3924 811 4018 gynaecion
846 3933 1003 3995 vocent.
1032 3923 1121 4016 (test.
1142 3923 1229 3994 XLI
1251 3932 1285 3996 ct
1308 3923 1437 4008 XLII).
1467 3925 1567 4013 Quod
1587 3925 1799 4020 propositum
1818 3924 1862 3996 ab
1880 3931 2019 3996 auctore
2047 3920 2242 3994 conlectum

265 4067 341 4117 esse
361 4042 528 4139 probatur
550 4064 605 4112 mc
628 4040 738 4112 iudice
755 4039 951 4134 fragmento
974 4039 1032 4111 illo
1052 4039 1144 4135 quod
1163 4039 1198 4111 in
1216 4040 1331 4111 codice
1365 4039 1525 4112 Leidensi
1552 4064 1639 4112 saec.
1661 4039 1753 4111 XIII
1783 4038 1893 4111 fertur
1916 4061 1979 4128 „ex
1999 4037 2138 4131 genetia
2162 4035 2241 4108 celii

266 4157 438 4232 aureliani
470 4156 655 4230 methodici
682 4156 886 4247 siccensis“;
919 4155 1011 4228 Rose
1039 4155 1176 4250 quidem
1208 4154 1482 4250 Responsionum
1510 4155 1748 4250 'fragmentum
1767 4155 1801 4226 id
1824 4178 1897 4225 esse
1926 4153 1990 4224 sibi
2020 4151 2190 4247 persuasit
2207 4167 2245 4222 et

266 4298 348 4347 cum
363 4273 440 4346 aliis
450 4297 494 4345 ex
507 4271 656 4346 Oribasii
670 4271 826 4345 versione
838 4295 927 4343 saec.
943 4270 997 4342 VI
1012 4270 1163 4342 collectis
1180 4272 1379 4365 composuit.
1396 4271 1476 4342 Non
1491 4294 1682 4367 premerem
1695 4270 1760 4341 hoc
1771 4268 1940 4364 copiosius
1953 4291 2025 4340 esse
2040 4291 2247 4363 responsum

271 4391 338 4463 nisi
351 4389 564 4462 Musoionem
583 4389 739 4461 conferre
755 4387 873 4460 liceret
892 4389 934 4460 de
954 4387 1074 4458 eadem
1091 4411 1129 4458 re
1146 4388 1416 4482 interrogantem
1432 4397 1465 4459 ct
1475 4387 1739 4484 respondentem
1753 4385 1808 4456 rel
1822 4385 1936 4481 potius
1950 4384 2079 4480 ipsius
2098 4382 2246 4454 Sorani

269 4503 530 4598 cateperotiana
543 4511 582 4574 ut
599 4503 707 4574 voluit
724 4503 937 4576 doctissimus
955 4501 1012 4574 ille
1030 4503 1083 4574 rir
1114 4503 1149 4574 iu
1172 4502 1320 4575 latinum
1343 4528 1536 4576 sermonem
1563 4511 1763 4576 vertentem.
1795 4500 1944 4576 Accedit
1965 4499 2057 4595 quod
2076 4498 2167 4570 idem
2185 4496 2247 4568 ille

270 4624 339 4696 hoc
355 4619 588 4714 fragmentum
613 4620 657 4691 ad
676 4620 820 4691 verbum
840 4620 912 4692 fere
929 4643 973 4692 ex
991 4620 1177 4692 maioribus
1191 4619 1313 4692 Sorani
1335 4633 1514 4709 γυναικείοις
1533 4643 1732 4714 expressum
1750 4641 1823 4690 esse
1849 4616 2017 4712 probavit.
2053 4613 2124 4687 Cur
2141 4611 2246 4684 fidem

270 4763 342 4812 non
358 4737 547 4809 habeamus
564 4735 671 4808 codici
705 4736 739 4806 in
771 4758 838 4830 quo
861 4735 1019 4808 tradatur
1048 4734 1135 4808 liber
1154 4735 1262 4809 Caelii
1281 4735 1404 4832 plane
1437 4736 1573 4809 eodem
1604 4734 1725 4807 titulo
1757 4731 1983 4827 inscriptus
2002 4754 2080 4826 quo
2097 4737 2249 4802 auctor

271 4856 363 4952 ipse
394 4876 435 4927 se
452 4876 555 4949 opus
575 4852 704 4925 maius
736 4853 1035 4948 inscriptorum
1054 4875 1142 4926 esse
1161 4855 1365 4925 testatur?

276 5151 489 5164 —*

389 5242 397 5278 ¹
422 5239 507 5304 Nihil
523 5255 604 5306 certe
619 5245 738 5307 constet
757 5239 795 5305 de
810 5239 958 5326 peculiari
978 5263 1072 5329 opere
1090 5241 1228 5307 Somneo
1247 5241 1286 5306 de
1304 5241 1531 5328 specialibus
1548 5239 1766 5324 adiutoriis3
1791 5241 1891 5326 poluit
1906 5237 1945 5304 de
1959 5239 1996 5303 ils
2010 5238 2111 5302 dicere
2132 5233 2162 5300 ἐν
2184 5245 2253 5308 τοῖς

275 5350 344 5430 περὶ
372 5348 575 5434 βοηθημάτων
597 5345 814 5436 ὑπομνήμασιν.
