4756 6094
998 335 1221 406 ...pr-

283 509 339 582 Ex
358 517 506 604 utraque
523 515 639 580 autem
656 507 839 581 collatione
856 507 900 580 ad
920 507 1154 582 emendandas
1186 533 1246 582 eas
1264 509 1453 605 particulas
1471 533 1561 604 quae
1579 535 1600 582 a
1619 509 1785 606 scriptore
1802 508 1876 605 ipso
1895 533 1939 580 ex
1956 508 2113 605 Respon-

133 626 289 699 sionibus
303 632 463 721 sumptae
475 623 640 718 librisque
652 623 715 696 cel.
731 631 765 694 et
778 623 866 696 tard.
883 647 974 720 pass.
988 623 1139 698 insertae
1153 625 1376 697 inveniantur
1390 625 1552 698 discimus
1569 624 1652 697 hoc:
1669 623 1709 696 Si
1724 624 1821 720 quid
1835 624 1958 696 etiam
1970 631 2115 698 contra

135 764 275 815 omnes
292 740 403 813 codd.
424 738 626 812 editiones
645 738 853 835 principes
872 738 1072 813 exhibent
1087 763 1165 814 non
1179 741 1293 837 prius
1314 741 1458 814 licebit
1478 749 1636 814 mutare
1654 763 1771 836 quam
1792 739 2114 812 demonstratum

135 856 189 930 sit
214 856 456 952 scriptorem
488 855 546 927 sic
573 863 616 926 ut
638 853 722 928 edd.
753 877 808 950 pr.
838 854 1012 926 tradunt
1042 857 1224 928 scribere
1257 839 1334 928 non
1366 856 1546 950 potuisse
1577 880 1654 932 oum
1687 855 1790 951 Resp.
1825 854 2014 949 particulas
2043 877 2113 926 non

134 972 290 1066 integras
317 971 353 1044 in
370 971 477 1043 libros
506 969 678 1067 pleniores
695 979 851 1068 receptes
868 993 941 1042 esse
960 971 1146 1044 viderimus
1163 979 1267 1066 abpue
1286 972 1379 1044 infra
1400 971 1503 1044 visuri
1522 972 1638 1044 simus.

283 1085 455 1184 Exempla
469 1109 560 1183 pono
577 1085 664 1158 haec
681 1110 725 1158 ex
744 1084 858 1158 collat.
877 1085 916 1157 I:

282 1203 334 1275 ed.
354 1201 461 1275 Isola
479 1202 565 1274 haec
582 1201 726 1298 praebet
744 1203 792 1297 (p.
812 1203 891 1296 lbl:
923 1201 1064 1293 „medici
1085 1225 1267 1298 prosperos
1285 1245 1330 1256 -·«
1350 1203 1492 1275 sudores
1510 1201 1784 1296 constringentes
1803 1202 1993 1274 morbosa
2010 1222 2112 1298 ggro-

132 1321 287 1392 tentibus
305 1319 528 1392 reddiderunt
542 1322 736 1414 corpora“
757 1343 765 1410 ;
784 1316 881 1390 codd.
902 1317 1090 1412 „passionis
1110 1317 1292 1413 (partim-i,
1312 1318 1548 1414 partim-ibus)
1577 1316 1841 1410 reddiderunt“;
1870 1317 1967 1412 legas
1992 1317 2028 1388 in
2044 1316 2112 1390 hac

131 1435 375 1532 responsione:
392 1435 611 1530 ,passiones‘3
643 1431 682 1504 C.
702 1435 746 1506 A.
767 1433 802 1504 in
820 1431 886 1504 hoc
901 1434 1013 1528 rapite
1032 1433 1108 1506 libr.
1128 1433 1190 1506 cel.
1208 1459 1270 1530 pro
1289 1458 1330 1506 eo
1348 1433 1463 1522 dicere
1477 1434 1588 1530 potuit
1607 1433 1767 1526 ‚morbos‘
1787 1443 1892 1528 atque
1910 1434 2015 1506 etiam
2036 1432 2110 1504 veri

131 1549 346 1625 simillimum
373 1559 424 1622 est
461 1573 540 1621 eum
556 1549 603 1622 sic
617 1547 813 1644 scripsissc;
857 1547 1060 1622 Guinterius
1074 1549 1109 1620 in
1127 1549 1200 1621 cod.
1225 1573 1286 1622 suo
1318 1573 1380 1646 pro
1407 1551 1556 1644 ,morbos
1570 1550 1681 1644 aegr·‘
1714 1549 1810 1644 legit'
1827 1549 1999 1644 ‚morbosa
2018 1547 2107 1644 egr·‘

131 1669 239 1764 (typis
259 1690 461 1763 expressum
480 1674 531 1737 est
549 1664 665 1762 ,pgr-‘l
689 1675 793 1758 atque
814 1665 1010 1738 coniectura
1041 1667 1207 1762 ‚corpora‘
1239 1665 1393 1757 addidit;
1421 1665 1482 1738 sed
1516 1689 1595 1738 cum
1627 1689 1729 1738 sensu
1765 1672 1899 1760 pugnat
1935 1663 2109 1738 Guiuterii

132 1782 344 1875 emendat103
385 1783 502 1876 agitur
528 1781 570 1853 de
599 1781 859 1874 aegrotantibus
890 1781 1014 1874 quibus
1045 1781 1169 1853 medici
1200 1781 1324 1854 sudore
1360 1806 1428 1876 quo
1453 1805 1474 1852 a
1504 1781 1661 1876 passione
1697 1781 1886 1853 liberentur
1925 1781 2109 1852 constricto

130 1900 327 1996 passionem
343 1898 415 1969 sive
433 1897 593 1968 morbum
603 1921 622 1967 e
632 1919 700 1990 quo
719 1896 855 1967 evasuri
865 1905 965 1968 erant
980 1895 1202 1968 reddiderunt
1216 1897 1237 1968 i.
1254 1921 1282 1968 e.
1297 1899 1521 1970 restituerunt
1533 1896 1587 1969 rel
1607 1897 1713 1968 cosin
1728 1897 1888 1968 morbom
1905 1897 2109 1988 reiecerunt,

130 2038 202 2087 non
217 2022 254 2086 ut
272 2010 382 2085 voluit
403 2011 606 2085 Guinterius
623 2010 770 2084 sortasse
787 2034 852 2084 usu
865 2010 1112 2102 francogallioo
1125 2011 1289 2107 deceptus
1317 2036 1473 2108 ,corpora
1497 2014 1657 2085 morbosa
1675 2011 1908 2084 reddiderunt‘
1940 2012 1960 2082 i.
1978 2034 2006 2082 e.
2024 2009 2105 2084 effe-

130 2138 270 2224 eerunt;
289 2130 325 2201 in
339 2128 404 2203 hoc
420 2127 528 2224 igitur
552 2126 665 2221 eapite
678 2125 736 2197 lib.
757 2125 793 2197 ΙΙ
812 2124 873 2199 cel.
894 2150 983 2222 pass.
1004 2127 1177 2222 ,morbos‘,
1196 2127 1231 2198 in
1246 2151 1335 2222 resp.
1354 2127 1416 2200 illa
1441 2128 1639 2225 ,passiones‘
1658 2128 1788 2224 optimo
1807 2128 1881 2200 iure
1900 2126 2102 2199 tenebimus.

130 2248 174 2320 Io
193 2246 313 2319 eodem
330 2269 405 2340 cap.
425 2243 552 2340 legitur
571 2241 675 2339 paulo
693 2241 785 2314 infra
802 2241 893 2336 „Sed
919 2241 1091 2336 denique“
1109 2267 1117 2336 3
1138 2243 1219 2336 ‚sed‘
1243 2244 1278 2316 in
1297 2267 1388 2316 omn.
1418 2244 1515 2316 codd.
1541 2244 1657 2337 deest;
1694 2243 1896 2317 Guinterius
1930 2265 2009 2315 rum
2037 2242 2108 2314 vim

132 2362 303 2458 ‚denique‘
325 2359 517 2458 particulae
548 2361 615 2452 (est
633 2357 754 2430 eadem
771 2356 843 2429 iere
862 2367 967 2452 atque
996 2358 1137 2452 ,igitur‘J
1165 2382 1235 2431 non
1254 2358 1471 2454 intellegeret
1500 2359 1583 2454 ‚sed‘
1615 2359 1823 2457 praeposuit,
1853 2381 1916 2430 nos
1933 2356 2105 2440 tollemus,

278 2476 361 2550 Aba
375 2475 527 2572 prolerre
542 2472 772 2570 supersedeo;
807 2497 918 2568 neque
935 2497 1046 2570 pauca
1075 2473 1193 2546 insunt
1210 2474 1312 2546 huius
1329 2475 1476 2570 generis,
1513 2475 1550 2547 in
1577 2475 1702 2570 quibus
1734 2485 1852 2548 tamen
1881 2472 2108 2546 diiudicandis

89 2636 112 2692 7
129 2617 266 2666 summa
283 2591 449 2664 utendum
464 2601 515 2663 est
533 2590 693 2663 cautione
712 2588 871 2684 quamvis
891 2588 989 2662 codd.
1009 2611 1179 2662 consensu
1198 2598 1236 2662 ut
1254 2599 1427 2662 mutemus
1442 2590 1660 2662 invitemur.¹

281 2708 364 2780 Jarn
380 2706 558 2802 quaeritur
588 2729 672 2777 num
691 2704 774 2801 quid
794 2715 932 2801 praeter
945 2729 986 2778 ea
999 2705 1021 2777 i.
1043 2729 1071 2778 c.
1093 2707 1246 2800 exeeptis
1262 2706 1301 2778 iis
1331 2729 1421 2802 quae
1440 2730 1482 2778 ex
1503 2706 1541 2778 O.
1562 2705 1919 2802 ARcsponsionibus
1937 2715 2031 2778 etex
2050 2703 2111 2776 illa

128 2823 320 2898 humeralis
338 2823 528 2896 medicinae
547 2821 775 2918 descriptione
789 2831 928 2916 sumpta
942 2844 1015 2893 esse
1033 2821 1287 2916 perspiciuntur
1304 2821 1402 2893 codd.
1431 2821 1566 2894 Aurelii
1581 2831 1616 2894 et
1629 2820 1803 2918 Escolapii
1817 2822 1861 2893 ad
1876 2820 2110 2893 emendandos

129 2941 237 3014 libros
256 2938 318 3012 cel.
338 2947 372 3010 et
388 2937 477 3010 tard.
497 2959 587 3033 pass.
612 2935 781 3010 adferant.
820 2934 1033 3008 Difficillime
1063 2943 1115 3008 est
1139 2937 1295 3030 quaestio
1325 2961 1404 3008 oum
1430 2937 1464 3010 id
1484 2946 1610 3033 agatur
1639 2947 1678 3012 ut
1696 2939 1756 3034 qui
1778 2938 1881 3010 luerit
1906 2937 2027 3010 tertius
2051 2934 2110 3008 ille

129 3055 208 3129 lons
225 3054 427 3129 ostendatur
444 3052 659 3125 methodicos
681 3052 842 3147 idemque
860 3059 1014 3124 vetustus
1031 3075 1075 3124 ex
1094 3074 1161 3146 quo
1176 3050 1359 3124 Aurelium
1374 3064 1409 3124 et
1422 3051 1645 3148 Escolapium
1665 3061 1781 3126 cetera
1805 3077 1894 3148 quae
1915 3057 2110 3147 congruant

129 3195 209 3245 cum
227 3170 429 3268 praeceptis,
467 3191 538 3241 non
554 3168 668 3240 verbis
686 3166 796 3239 Caelii
808 3166 964 3240 hausisse
976 3167 1068 3240 Rosa
1094 3166 1224 3242 statuit.
1256 3165 1390 3240 Vereor
1422 3190 1466 3240 ne
1493 3192 1564 3241 non
1583 3168 1724 3242 omnino
1751 3170 1931 3264 contingat
1958 3175 1997 3239 ut
2018 3166 2110 3239 hano

130 3287 366 3383 quaestionem
391 3283 629 3381 persolvamus
647 3305 726 3355 cum
744 3293 778 3355 et
804 3290 920 3355 textus
937 3307 1000 3357 usu
1019 3282 1216 3355 tritissimus
1234 3282 1407 3356 codicibus
1425 3284 1526 3356 valde
1541 3285 1712 3381 corruptis
1725 3284 1873 3358 traditus
1892 3284 1936 3356 sit
1955 3307 2018 3356 nec
2034 3282 2109 3356 ulla

130 3403 173 3476 ad
197 3410 347 3475 aetatem
382 3406 537 3471 nostram
565 3397 786 3494 pervenerint
819 3397 1094 3470 Methodicorum
1130 3422 1237 3494 opera
1263 3422 1391 3498 graeca
1407 3400 1450 3472 de
1477 3400 1530 3473 his
1552 3400 1779 3496 passionibus.
1818 3399 1885 3473 Sed
1916 3400 2029 3472 nescio
2062 3421 2109 3471 an

128 3542 253 3616 parum
279 3517 322 3589 de
336 3516 402 3588 hoo
424 3515 519 3587 fonte
537 3513 664 3586 dixerit
694 3513 785 3586 Rose
808 3537 887 3586 eum
914 3511 1132 3606 Daremberg
1152 3513 1254 3585 nimis
1283 3513 1405 3586 leviter
1429 3514 1538 3587 Caelii
1566 3515 1749 3588 Aureliani
1772 3515 1878 3588 libros
1895 3516 1930 3587 in
1950 3514 2109 3609 epitomis

127 3634 197 3708 illis
212 3641 392 3728 corruptos
418 3631 526 3703 latere
545 3629 714 3722 iudicarit,
734 3653 842 3725 quare
867 3652 979 3724 pauca
1000 3629 1126 3700 iterum
1143 3651 1277 3700 mecum
1296 3653 1484 3740 compares.

1088 3848 1151 3952 Ι.

274 4035 330 4106 Ex
349 4032 485 4107 Aurelii
497 4031 584 4104 libro
602 4030 818 4104 definitiones
832 4053 910 4101 cum
925 4027 1086 4100 Soraneis
1099 4049 1305 4122 componam
1320 4028 1402 4102 bas:

130 4178 166 4250 C.
188 4179 229 4248 Α.
255 4174 429 4271 estpars.
454 4173 510 4246 lib.
528 4171 655 4269 IIccp.
674 4169 766 4244 XXI.
1004 4166 1142 4242 Aurelii
1172 4190 1203 4264 q.
1239 4167 1272 4240 d.
1306 4171 1455 4265 epitoma
1482 4172 1524 4244 dc
1556 4173 1667 4244 aeota
1692 4171 1917 4268 passioribus

127 4293 181 4366 ed.
204 4291 273 4389 lp.
297 4297 356 4366 7⁹2*
383 4290 435 4363 cd.
461 4291 577 4362 Amm.
600 4312 634 4385 p.
661 4293 769 4378 rra„
1275 4286 1348 4358 cod.
1375 4286 1437 4359 AA
1460 4285 1523 4380 sol.
1541 4285 1603 4359 28'
1622 4289 1651 4373 ⁰)

126 4417 188 4490 sed
222 4418 271 4490 ait
308 4417 366 4512 [sc.
407 4413 572 4508 Soranus]
823 4413 956 4486 Uerum
993 4409 1079 4511 ipsa}
1113 4435 1168 4484 res
1201 4411 1331 4483 indicat
1430 4395 1444 4402 ³

126 4533 323 4606 cardiacam
366 4553 440 4603 esse
482 4531 641 4624 passione
823 4529 1017 4625 passionem
1051 4527 1138 4600 nihil
1170 4525 1256 4600 aliut
1287 4551 1360 4600 esse
1390 4551 1496 4622 quam

125 4649 333 4722 solutionem
372 4645 519 4720 celerem
562 4654 666 4739 atque
823 4643 953 4718 febrem
991 4653 1129 4718 acutam
1164 4666 1244 4715 cum
1278 4643 1383 4715 nimio
1417 4642 1551 4716 sudoris

126 4773 277 4857 acutam,
330 4786 400 4857 qua
449 4760 558 4833 disiim
822 4757 930 4857 fluxul
964 4783 1026 4856 per
1055 4767 1167 4832 totum
1197 4755 1369 4855 marianna

216 5017 247 5102 ⁸]
274 5019 301 5078 l.
318 5032 364 5079 ss
388 5014 455 5101 ipsa
471 5033 514 5077 ea:
531 5014 631 5100 ipsam
657 5031 743 5076 corr.
761 5027 801 5074 on
823 5011 889 5098 ipsa
915 5029 964 5074 res
983 5007 988 5098 l
1017 5011 1048 5073 2.
1064 5026 1084 5073 a
1099 5027 1162 5070 om.
1191 5007 1367 5093 passionem
1387 5021 1426 5068 ca
1452 5003 1560 5093 aliud}
1581 5007 1610 5069 3.
1629 5021 1669 5068 oa
1697 5003 1812 5069 doloris
1827 5002 1831 5093 l
1849 5008 1878 5068 4.
1895 5021 1941 5068 ss
1957 5005 2044 5068 fluxu
2058 5025 2102 5070 aa·

118 5205 124 5215 '
261 5202 269 5237 ¹
294 5198 366 5264 Non
380 5217 507 5285 possum
521 5197 553 5262 in
574 5195 632 5260 hac
661 5194 975 5258 commentatiuncula
1000 5192 1039 5258 de
1069 5193 1214 5258 omnibus
1238 5192 1314 5257 locis
1334 5191 1435 5256 dicere
1463 5189 1575 5275 quibus
1593 5189 1638 5252 ita
1659 5189 1730 5253 edd.
1746 5211 1798 5276 pp.
1815 5189 1905 5254 lectio
1920 5197 1974 5254 aut
1997 5187 2103 5254 defen·

125 5305 230 5372 denda
247 5313 301 5370 aut
317 5305 512 5372 emendanda
532 5303 588 5384 sit3
614 5323 653 5368 ea
673 5301 775 5388 aptius
794 5301 872 5364 alias
887 5321 957 5364 cum
974 5299 1128 5385 copiosius
1144 5299 1183 5363 de
1199 5297 1273 5362 libb.
1287 5296 1343 5362 cel.
1360 5305 1391 5362 et
1406 5297 1484 5362 tard.
1505 5315 1586 5382 pass.
1604 5296 1762 5360 tractaturi
1776 5315 1882 5360 sumus
1896 5294 2100 5382 proferentur.
