4756 6094
1161 345 1330 416 ..6-

250 523 342 588 sunt.
368 514 461 586 Nam
480 521 637 596 veterum
657 515 854 587 testimonia
878 513 920 586 de
944 513 1062 589 Caelio
1089 519 1278 592 Aureliano
1304 521 1431 592 mirum
1457 520 1493 590 in
1518 517 1659 590 modum
1688 526 1826 591 exstant
1852 519 1950 614 quasi
1976 517 2097 590 nulla*
2120 517 2231 612 ,illud

251 630 344 702 enim
376 627 584 702 Cassiodorii
608 628 688 701 lieet
716 629 761 702 ad
794 629 885 702 hunc
916 631 1118 727 scriptorem
1146 641 1286 731 spectet,
1313 635 1446 710 nullius
1471 643 1522 708 est
1536 634 1736 726 monrenti,⁸
1762 657 1840 704 cnm
1858 640 1892 705 et
1908 657 2036 705 nomeu
2053 633 2230 730 scriptoris

251 753 287 818 et
310 743 487 840 inscriptio
506 744 596 838 libri,
629 745 689 838 qui
713 745 972 818 commendetur
998 747 1048 820 ita
1066 749 1222 822 ferantur
1249 752 1308 824 vix
1327 760 1366 824 ut
1384 751 1468 823 fides
1486 751 1534 823 eis
1551 749 1731 841 habeatur,
1752 771 1862 844 neque
1878 749 2072 844 quisquam,
2093 749 2229 822 etiamsi

252 859 337 934 illud
354 861 497 955 deesset,
529 859 685 932 Caelium
704 861 934 934 Aurelianum
956 872 1035 958 post
1060 888 1148 938 0000.
1169 865 1224 938 VI
1243 889 1275 962 p.
1296 865 1378 938 Chr.
1399 891 1433 938 0.
1449 866 1554 939 101000
1571 865 1636 938 sibi
1647 863 1880 960 persuaderet.

366 1041 373 1076 ¹
398 1037 494 1106 111101
522 1039 606 1126 quod
624 1047 695 1104 sunt
711 1041 764 1126 qui
779 1047 906 1127 propter
921 1042 1111 1128 incomptum
1133 1043 1255 1109 dicandi
1274 1065 1372 1130 genus
1387 1043 1574 1129 copiosiores
1589 1042 1685 1106 libros
1699 1041 1731 1106 in
1748 1041 1951 1128 posteriorum
1975 1061 2034 1106 usu
2053 1061 2116 1105 000
2132 1033 2230 1108 fuisse

253 1145 518 1230 existimaverint,
544 1146 598 1210 sed
623 1145 881 1232 Responsionum,
905 1169 981 1234 quas
1002 1169 1064 1212 000
1081 1149 1137 1212 0101
1158 1172 1215 1214 000
1236 1150 1387 1236 frequenti
1402 1159 1487 1213 tanto
1503 1169 1596 1234 opere
1611 1147 1787 1212 decurtatae
1810 1168 1877 1213 esse
1892 1167 1943 1212 ιι.
1957 1147 2009 1212 dd.
2026 1147 2231 1224 consentiunt,

253 1273 348 1338 quam
372 1253 487 1339 exigua
507 1261 630 1322 exstant
647 1254 768 1318 frusta?
794 1253 901 1327 Quid?
922 1254 1005 1340 quod
1031 1277 1070 1320 ne
1094 1277 1209 1321 nomen
1229 1256 1354 1342 quidem
1372 1256 1505 1320 auctoris
1526 1255 1651 1319 illarum
1672 1254 1853 1339 fragmentis
1870 1264 2028 1318 serratum
2052 1253 2123 1319 est?
2149 1251 2231 1319 Ctrm

252 1367 426 1424 nostrorum
451 1359 642 1424 medicorum
668 1381 762 1446 opera
781 1363 921 1426 celeriter
944 1362 1148 1445 obsoleseant,
1164 1364 1235 1449 quia
1250 1385 1299 1428 010
1313 1363 1369 1428 1110
1384 1383 1502 1427 summa
1519 1362 1551 1425 in
1567 1361 1724 1446 dieseapit
1736 1361 1935 1444 incrementa,
1947 1359 2023 1446 quid
2040 1359 2231 1444 mirabimur,

253 1465 337 1550 qnod
355 1473 477 1532 1010100
501 1475 531 1531 01
547 1466 641 1531 medii
658 1469 728 1531 aeri
747 1467 858 1531 medici
882 1468 922 1532 ad
939 1467 1161 1555 Hippocratem
1189 1469 1342 1536 Soranum
1368 1469 1524 1534 Calenum
1539 1489 1638 1554 usqne
1660 1479 1863 1549 recurrerunt,
1887 1467 1980 1532 totius
2002 1465 2174 1532 medicinae
2191 1467 2232 1532 ad

253 1572 335 1637 hanc
350 1573 414 1638 fere
429 1581 563 1638 00101010
579 1574 733 1660 principes
749 1581 779 1638 et
793 1584 943 1658 auctores,
956 1575 1077 1640 etiamsi
1091 1573 1282 1659 exstiterunt,
1294 1578 1346 1663 qui
1362 1597 1433 1640 suas
1447 1575 1583 1639 rationes
1598 1594 1653 1660 per
1663 1573 1787 1660 aliquod
1805 1567 1928 1660 tempus
1941 1579 2067 1660 possent
2077 1573 2231 1660 probare?

232 1679 304 1742 An
323 1689 414 1766 putas
447 1679 545 1744 Caehi
574 1680 737 1746 Aureliani
764 1682 885 1768 scriptis
909 1683 1095 1748 medicinam
1122 1683 1331 1748 methodicam
1361 1681 1544 1770 Hippocrati
1570 1693 1600 1748 et
1617 1678 1739 1746 Caleno
1761 1681 1815 1746 vix
1847 1700 1955 1767 parem
1980 1681 2074 1745 etiam
2098 1679 2178 1745 adso
2197 1685 2232 1746 ut

253 1785 359 1852 famae
375 1794 428 1852 aut
444 1786 555 1852 Sorani
577 1796 631 1852 aut
646 1787 848 1874 Hippocratis
860 1797 913 1853 ant
929 1788 1040 1854 Caleni
1056 1791 1280 1856 obtrectaretur
1294 1791 1451 1855 excultam
1473 1789 1567 1854 esse?

366 1897 377 1931 ¹
400 1892 487 1958 Cass.
501 1893 540 1958 de
554 1894 624 1958 1001.
642 1894 705 1959 div.
721 1896 779 1960 litt.
796 1917 863 1982 cap.
875 1895 1003 1960 XXXI:
1023 1897 1155 1978 ,deinde
1172 1897 1292 1962 Aurelii
1306 1895 1405 1962 Caelii
1423 1897 1462 1962 de
1478 1896 1630 1962 medicina
1646 1901 1677 1959 et
1690 1893 1890 1981 Hippocratis
1906 1893 1945 1959 de
1959 1893 2064 1958 herbis
2078 1895 2230 1981 (10011101

253 2003 327 2086 ego)
341 2000 466 2065 0100110
481 2000 580 2083 (Rosa
596 2001 671 2064 ciuis
681 2033 707 2058 ε
717 2001 844 2088 01111011)
862 2003 1062 2090 diversosque
1074 2005 1151 2068 alios
1167 2003 1231 2089 [de]
1248 2003 1393 2068 medendi
1403 2011 1469 2068 arte
1485 2003 1680 2088 compositos,
1696 2023 1774 2086 quos
1789 2001 1878 2066 robis
1893 2001 1925 2066 in
1936 2001 2144 2068 bibliothecae
2160 2024 2231 2067 000·

254 2113 320 2172 1100
335 2105 453 2170 sinibus
466 2107 640 2172 reconditos
656 2107 715 2173 deo
731 2109 902 2175 auxiliante
917 2109 1097 2196 dereliqui.“
1117 2110 1156 2174 cf.
1176 2111 1258 2175 Rose
1271 2111 1379 2175 anecd.
1391 2110 1472 2196 ILp.
1485 2112 1609 2174 118-1
1619 2110 1657 2172 19
1668 2115 1770 2172 01001.
1784 2105 1863 2172 Sunt
1875 2109 1928 2196 qui
1938 2107 1977 2172 de
1988 2107 2047 2174 hec
2057 2109 2231 2176 testimonie

254 2213 374 2299 optimo
400 2214 467 2278 iure
493 2213 711 2296 dubitaverint,
732 2223 839 2280 centra
861 2216 913 2281 alii
934 2217 999 2282 sins
1021 2218 1086 2282 ulla
1101 2218 1293 2282 dubitatione
1311 2218 1426 2282 dictmn
1446 2217 1484 2280 de
1506 2215 1613 2280 Caelio
1628 2214 1801 2280 Aureliano
1822 2235 1890 2280 esse
1912 2215 1971 2279 sibi
1991 2223 2230 2301 persuaserunt,

254 2321 449 2406 acquiescam
469 2322 500 2384 in
527 2321 693 2385 afferendis
717 2343 780 2388 non
803 2324 960 2388 nullomm
977 2346 1028 2388 ιι.
1046 2325 1097 2390 dd.
1115 2327 1281 2390 sententiis.
1295 2323 1339 2388 Ut
1352 2325 1387 2388 C.
1405 2323 1444 2388 G.
1464 2321 1560 2386 Kfihn
1577 2326 1697 2408 (opusc.
1723 2321 1811 2386 acad.
1831 2319 1915 2386 bled.
1931 2333 1962 2387 et
1977 2321 2092 2388 Philol.
2106 2324 2170 2388 rol.
2189 2322 2231 2418 11,

255 2425 341 2514 Lips.
364 2429 459 2492 1838.
476 2449 507 2514 p.
525 2429 622 2508 6-7,
635 2427 707 2493 Not.
734 2431 772 2492 12
797 2436 827 2493 et
857 2433 909 2516 13)
929 2429 1140 2518 Contingium,
1164 2433 1217 2519 qui
1242 2433 1426 2496 coniectura.
1459 2430 1556 2512 ,Aua
1583 2429 1729 2492 Celsum“
1758 2427 1879 2494 efficere
1901 2429 2044 2494 maluerit
2069 2429 2231 2516 impugnat

254 2555 405 2620 suamque
424 2535 606 2599 sententiam
622 2535 669 2598 his
685 2535 749 2600 fere
764 2535 899 2622 profert:
919 2535 994 2618 ,Uti
1011 2540 1092 2602 enirn
1112 2541 1191 2604 inter
1207 2539 1405 2625 Hippocratis
1419 2538 1514 2601 libros
1528 2536 1632 2600 nullut
1649 2535 1808 2621 reperitur,
1825 2535 1864 2600 de
1879 2535 1982 2598 herbis
1997 2542 2026 2600 01
2039 2537 2119 2600 curis
2136 2558 2231 2623 expc-

254 2663 342 2724 nens,
357 2650 410 2706 aut
427 2643 482 2705 tali
505 2643 702 2729 inscriptione
726 2643 897 2728 insignitus,
927 2646 970 2708 110
996 2652 1116 2731 poterat
1141 2645 1235 2710 homo
1252 2667 1271 2709 a
1289 2667 1322 2709 re
1344 2643 1465 2708 medica
1490 2641 1618 2724 alienus,
1643 2639 1790 2706 Caeliano
1816 2641 1901 2726 operi
1924 2640 2016 2727 plane
2039 2641 2232 2706 diversuma

267 2756 384 2832 nostro,
402 2757 519 2814 etcum
548 2749 624 2812 Aur.
643 2748 735 2814 Corn.
751 2749 833 2814 Celsi
850 2753 1084 2816 convenientem
1103 2752 1236 2838 tribuere
1249 2751 1393 2833 indicem,
1409 2758 1487 2814 ete.“
1506 2750 1544 2814 cf.
1562 2749 1671 2834 Meyer
1683 2748 1765 2812 Hist.
1783 2747 1887 2812 Plant.
1902 2747 1962 2813 rol.
1981 2745 2014 2810 ΙΙ
2030 2770 2060 2833 p.
2078 2750 2165 2832 art,
2181 2751 2233 2836 qui

254 2854 414 2920 moderate
431 2855 470 2920 de
486 2855 544 2920 hae
558 2876 592 2920 re
614 2857 771 2920 iudicavit.
786 2857 869 2931 Quid
885 2879 947 2944 quo
966 2859 1035 2923 loco
1051 2859 1246 2944 Daremberg
1262 2859 1374 2923 dixerit
1394 2859 1432 2922 de
1458 2858 1517 2922 hoc
1543 2857 1719 2922 testimonio
1742 2877 1804 2921 000
1822 2856 1939 2937 1οι001;
1967 2854 2020 2941 qui
2035 2875 2105 2920 curn
2120 2877 2233 2921 nomen

257 2960 427 3043 ,Aurelii,“
454 2983 516 3047 quo
530 2961 561 3025 in
587 2962 676 3027 codd.
702 2963 827 3027 libellus
847 2964 900 3028 ills
925 2964 964 3028 de
979 2965 1095 3028 morbis
1108 2967 1205 3028 acutis
1220 2967 1316 3030 fertur
1328 3003 1372 3013 -
1387 2967 1465 3029 infra
1480 2966 1519 3030 de
1544 2964 1654 3030 eodem
1670 2963 1777 3028 libello
1794 2963 1945 3049 copiosius
1961 2963 2126 3028 disseretur
2141 3001 2183 3012 ·-
2194 2985 2233 3028 01
2353 3020 2354 3048 ,

253 3069 425 3134 Aureliano
458 3083 634 3154 correptum
654 3089 721 3134 esse
743 3070 893 3154 statuerit,
918 3071 1021 3136 nescio
1037 3091 1077 3136 an
1096 3072 1136 3135 de
1149 3071 1203 3136 illa
1214 3072 1334 3137 Aurelii
1347 3074 1482 3158 epitoma
1497 3072 1679 3157 cogitaverit
1698 3071 1749 3155 (cf.
1765 3069 1838 3134 Jaui
1853 3071 1915 3134 vol.
1935 3069 1978 3134 11.
2000 3091 2031 3156 p.
2054 3073 2115 3135 471
2137 3070 2233 3156 med.)

257 3175 346 3240 Idam
362 3175 427 3240 fere
452 3173 537 3240 Rosa
556 3175 678 3239 videtur
704 3177 835 3242 sensisse
854 3179 888 3262 (l.
903 3179 922 3242 l.
942 3199 972 3264 p.
997 3181 1072 3264 119)
1086 3200 1094 3262 ;
1108 3199 1171 3265 qua
1186 3200 1220 3242 re
1236 3179 1327 3243 valde
1342 3180 1435 3244 miror
1449 3179 1532 3265 quod
1552 3201 1581 3264 p.
1602 3180 1674 3260 168,
1690 3177 1794 3241 adnot.
1811 3177 1854 3262 (⁴¹)
1877 3175 2000 3241 Aurelii
2022 3175 2113 3240 Oxea
2133 3177 2174 3240 ad
2187 3177 2234 3263 ip-

255 3303 326 3348 sum
351 3282 492 3348 Caelium
521 3283 728 3346 Aurelianum
750 3285 902 3369 pertinere
929 3293 1032 3370 negat,
1060 3287 1241 3371 praesertim
1258 3307 1326 3350 cum
1351 3287 1417 3372 ipse
1433 3307 1473 3350 ax
1489 3284 1626 3350 eiusdem
1643 3284 1762 3348 Aurelii
1779 3285 1823 3368 (et
1841 3281 2012 3370 Hscolapii)
2034 3283 2139 3348 libello
2156 3283 2234 3348 Ras-

256 3391 422 3477 ponsiones
442 3391 602 3454 restituere
618 3397 746 3453 conatus
761 3391 808 3454 sit.
830 3389 974 3456 Ceterum
1003 3393 1199 3458 doctissimus
1222 3393 1277 3458 ills
1292 3394 1339 3457 111
1365 3413 1427 3458 000
1452 3392 1582 3474 dubitat,
1602 3391 1675 3477 quin
1693 3389 1906 3455 Cassiodorius
1930 3389 2077 3454 fratribus
2093 3388 2233 3454 Caelium

256 3497 463 3562 Aurelianum
486 3499 621 3560 maxime
646 3497 919 3562 commendaverit.
943 3500 995 3584 (cf.
1021 3500 1042 3563 l.
1063 3500 1084 3564 l.
1101 3521 1131 3585 p.
1163 3501 1224 3564 115
1252 3513 1283 3564 et
1311 3503 1400 3586 1118.)
1424 3499 1546 3564 Haeser
1560 3519 1634 3564 vero
1651 3497 1746 3582 (Hist.
1760 3497 1844 3561 Med.
1860 3497 1922 3562 rol.
1939 3495 1964 3560 I.
1982 3519 2012 3582 p.
2029 3499 2107 3582 333)
2130 3499 2232 3562 certis·

256 3604 333 3669 sime
356 3605 463 3669 statuit
489 3603 663 3668 testimonio
686 3603 740 3668 illo
765 3605 930 3689 epitomam
955 3627 1035 3690 quae
1054 3606 1164 3670 dicitur
1178 3605 1297 3672 Aurelii
1322 3606 1550 3671 commendari:
1580 3605 1668 3686 ,Das
1692 3603 1809 3690 pathol.
1828 3601 2024 3688 Hauptwerk
2039 3603 2094 3667 des
2109 3601 2233 3668 Caehus

258 3711 343 3794 fand,
371 3713 428 3775 wie
445 3710 494 3775 die
514 3731 620 3796 grosse
636 3709 807 3776 Saltenheit
829 3712 886 3777 der
907 3712 1065 3798 (dhrigens
1082 3714 1326 3800 rortreiilichen)
1354 3714 1488 3779 Hdschr.
1514 3714 1650 3794 1000101,
1679 3733 1788 3798 wegen
1804 3711 1905 3778 seines
1921 3709 2077 3798 Umfangs
2092 3712 2164 3776 sehr
2179 3735 2232 3796 ge·

258 3817 343 3904 tinga
379 3815 591 3902 Verbreitung.
625 3817 796 3883 Grbsseren
827 3817 941 3882 Beifall
963 3820 1108 3884 scheinen
1137 3821 1186 3885 die
1211 3821 1358 3908 Ausaiige
1389 3821 1550 3885 desselben
1580 3819 1739 3884 erworben
1763 3842 1801 3883 au
1831 3819 1944 3902 haben,
1962 3839 2013 3882 am
2032 3819 2163 3883 meisten
2178 3819 2235 3884 der

261 3923 447 4005 ,Aureliusl
465 3937 628 4011 genennte,
646 3925 756 3990 descen
772 3925 915 3990 Studium
931 3927 1026 3990 lrurae
1042 3925 1108 3991 Zeit
1122 3927 1203 3990 nach
1220 3926 1512 4011 0010011111000001,1
1527 3963 1573 3973 -
1587 3925 1761 4012 (Hscolapii
1775 3926 1945 4012 epitomam
1968 3923 2053 3991 Rosa
2068 3945 2149 3990 saec.
2166 3923 2232 3988 Vll

258 4054 289 4118 p.
309 4029 367 4096 Ch.
383 4053 413 4095 0.
428 4047 526 4096 ortam
541 4052 608 4096 esse
623 4039 721 4117 putat.
742 4055 771 4118 p.
791 4035 867 4118 177)
884 4069 927 4080 -
944 4032 1157 4098 Cassiodorius
1176 4035 1230 4119 (im
1248 4031 1305 4096 Vl.
1320 4032 1422 4120 Jhdt.)
1445 4034 1552 4098 seinen
1568 4033 1841 4116 Ordensgenossen
1858 4031 2048 4119 empfiehlt.“
2069 4031 2233 4118 Epitomae

258 4145 363 4204 autern
390 4159 470 4225 qnae
498 4139 637 4202 feruntur
672 4137 793 4204 Aurelii
814 4149 845 4203 et
872 4137 1026 4225 Escolapii
1049 4141 1082 4204 in
1105 4139 1194 4204 codd.
1226 4149 1376 4225 quantum
1414 4141 1477 4204 scio
1496 4161 1559 4204 000
1597 4138 1696 4223 magis
1729 4137 1788 4218 ,de
1817 4137 1988 4202 medicina“
2026 4138 2235 4202 inscribuntur

257 4267 353 4332 quam
370 4245 405 4310 C.
421 4245 461 4310 A.
476 4246 545 4310 libri
567 4245 627 4310 hoc
641 4246 730 4310 111010
746 4247 812 4310 nati
827 4247 920 4310 fuisse
935 4246 1088 4312 videntur.
1109 4245 1153 4310 Ut
1170 4247 1289 4310 Aurelii
1306 4245 1403 4310 Caelii
1422 4268 1535 4311 nornen
1549 4267 1569 4310 0
1584 4246 1716 4310 librariis
1732 4247 1949 4331 transpositum
1969 4245 2234 4332 depravatumque

258 4354 357 4417 sit-
376 4353 407 4416 10
426 4352 494 4417 cod.
515 4351 682 4437 Bamberg.
703 4373 773 4416 0000
788 4351 846 4434 IX,
862 4352 913 4416 ubi
932 4352 1014 4417 idem
1030 4353 1105 4418 illud
1123 4352 1308 4417 Cassiodotii
1323 4351 1470 4434 adfertur,
1498 4360 1600 4417 exstat
1628 4373 1741 4416 nomen
1764 4351 1869 4433 ,Caeli
1885 4351 2012 4416 aurelii“
2032 4351 2114 4438 quod
2130 4367 2232 4415 utrum

262 4459 431 4546 genuinum
450 4479 489 4523 an
513 4459 690 4523 coniectura
708 4459 851 4524 effectum
871 4459 908 4523 sit
922 4461 1035 4525 000010.
1052 4461 1091 4524 01.
1118 4459 1202 4523 Rosa
1219 4482 1249 4545 p.
1272 4461 1332 4523 119
1350 4458 1445 4524 adnot
1461 4461 1510 4546 *);
1529 4467 1665 4524 ceterum
1679 4471 1753 4524 nota
1768 4467 1812 4524 est
1831 4460 1991 4524 nominmn
2006 4459 2085 4546 ratio
2099 4458 2234 4544 qualisa

260 4587 340 4631 saec.
361 4564 419 4628 IV.
438 4565 538 4648 fuerit,
550 4566 637 4630 uelut
653 4565 685 4628 in
709 4565 796 4629 fastis
811 4567 928 4631 consul.
944 4567 1038 4630 modo
1054 4566 1272 4630 Faustinianus
1290 4567 1383 4632 modo
1399 4566 1573 4646 Faustinus,
1588 4567 1682 4632 modo
1701 4565 1926 4630 Antiochianus
1941 4563 2035 4630 modo
2051 4565 2236 4648 Antiochus,
2252 4577 2257 4582 “

259 4673 353 4738 modo
367 4671 484 4737 1101100
508 4671 603 4736 modo
628 4671 767 4735 Marinus
790 4672 884 4737 modo
904 4671 1063 4737 110110000
1076 4673 1169 4739 modo
1194 4674 1385 4738 Marinianus
1405 4674 1525 4760 legitur,
1550 4675 1590 4738 al.
1607 4711 1651 4720 -
1667 4681 1770 4737 tamen
1786 4670 1949 4736 offensioni
1966 4677 2011 4735 001
2023 4671 2124 4757 operis
2150 4672 2235 4758 quod

259 4779 495 4845 commendatur
512 4779 677 4864 inscriptio.
694 4778 776 4842 Nam
793 4779 1042 4865 Responsionum
1055 4780 1160 4863 libros,
1178 4781 1289 4866 quibus
1304 4781 1411 4844 titulus
1429 4781 1488 4861 ,de
1502 4781 1675 4846 medichra⁴⁴
1693 4778 1779 4843 haud
1793 4779 1875 4842 male
1888 4777 2074 4860 conveniret,
2089 4777 2236 4843 fratribus

259 4887 291 4950 in
313 4895 378 4951 arte
396 4885 517 4950 medica
536 4885 602 4950 sine
626 4885 721 4950 dubio
736 4885 864 4950 rudibus
879 4887 1036 4972 aptissime
1056 4887 1266 4952 commendari
1282 4888 1492 4970 concederem,
1510 4887 1664 4952 nisiinter
1680 4885 1775 4950 libros
1794 4885 2232 4971 ,10110011010000οι010001

260 4999 598 5077 commemorarentnr3
617 4993 717 5079 patuit
732 5013 807 5057 sane
821 4991 888 5057 fieri
905 5001 939 5057 ut
955 4991 1149 5060 Cassiodorio
1164 4995 1275 5058 certius
1286 5015 1381 5080 qnam
1395 4996 1484 5060 nobis
1503 5003 1625 5080 praesto
1641 5003 1721 5058 esset
1737 4993 2032 5078 testimoniumque
2048 4991 2238 5078 Responsio-

260 5119 316 5164 nes
337 5120 379 5164 ex
403 5102 521 5186 graecis
540 5099 649 5165 Sorani
679 5101 841 5164 translatas
856 5121 922 5166 0000
937 5101 1150 5184 concluderet,
1177 5109 1282 5164 000110
1296 5123 1421 5188 quoque
1433 5110 1535 5166 aetate
1551 5102 1675 5166 fuerunt
1701 5101 1754 5187 qni
1772 5099 2002 5186 Responsiones
2017 5097 2181 5164 Caelianus
2196 5099 2237 5164 ad

261 5207 440 5293 exemplum
454 5228 600 5291 graecum
622 5225 783 5293 expressas
799 5227 866 5271 esse
881 5205 1068 5292 iudicarent,
1093 5229 1152 5292 ego
1173 5227 1247 5272 vero
1272 5206 1364 5271 valde
1381 5207 1507 5293 dubito,
1521 5207 1576 5273 sed
1591 5207 1631 5274 de
1650 5209 1709 5272 hac
1726 5229 1760 5271 re
1775 5206 1865 5271 infra.
1887 5205 1970 5272 Num
1987 5203 2022 5270 C.
2046 5204 2087 5270 A.
2111 5206 2237 5292 plenum

264 5313 325 5396 ,de
342 5313 513 5378 medicina“
547 5319 698 5399 ,corpusl
715 5312 886 5378 condiderit
911 5315 1081 5399 nescimus3
1107 5314 1228 5379 videtur
1255 5315 1431 5379 actamnisi
1454 5315 1493 5380 de
1508 5313 1694 5402 specialibus
1709 5315 1848 5400 partibus
1864 5313 2050 5400 copiosiores
2064 5313 2159 5379 libros
2174 5335 2237 5379 000
