4756 6094
974 891 1163 1014 Vita.

234 1217 348 1289 Natus
367 1239 444 1287 sum
462 1213 635 1288 llenricus
657 1215 777 1288 Victor
797 1214 935 1287 Friedel
953 1239 983 1286 a.
1003 1213 1037 1285 b.
1059 1237 1088 1300 s„
1104 1212 1246 1285 LXVII
1265 1211 1320 1284 die
1342 1213 1398 1284 IX
1414 1211 1524 1286 hleus.
1546 1215 1736 1310 Septenrhr.
1758 1216 1920 1312 Episcopi
1943 1215 2058 1288 Villae

93 1333 263 1406 hlsatioae
292 1339 390 1427 patre
419 1329 593 1402 Guilelmo
620 1331 796 1404 Friderico
814 1355 917 1425 quem
937 1339 1147 1427 praematura
1175 1353 1267 1401 mors
1297 1329 1366 1400 suis
1388 1330 1512 1424 eripuit
1542 1340 1652 1403 matre
1675 1331 1770 1404 Elisa
1788 1357 1805 1404 e
1824 1341 1927 1427 gente
1951 1332 2058 1428 Sumy

93 1473 158 1542 qua
176 1448 288 1520 adhuc
306 1447 488 1542 superstite
508 1446 664 1540 gaude03
686 1445 788 1518 fidem
808 1444 969 1541 profiteor
991 1445 1175 1517 aCalvino
1194 1444 1426 1516 reformatam.

233 1546 466 1657 Posteaquam
498 1561 675 1635 elementis
708 1563 885 1635 doctrinae
915 1563 1066 1634 imbutus
1099 1584 1174 1634 sum
1209 1561 1244 1630 in
1276 1561 1520 1655 progymnasio
1554 1561 1689 1657 patriae
1722 1571 1906 1636 auctumuo
1927 1589 1957 1635 a.
1978 1565 2010 1635 h.
2029 1588 2056 1637 s.

93 1679 230 1751 LXXX
261 1687 417 1774 receptus
445 1691 523 1750 sum
551 1679 587 1749 in
616 1679 834 1774 gymnasium
862 1677 1093 1772 Hagenoense
1127 1677 1217 1770 quod
1253 1683 1326 1747 tum
1365 1677 1407 1748 Α.
1426 1676 1627 1750 Dammerte
1660 1686 1790 1752 rectore
1821 1679 1986 1776 florebat5
2020 1689 2058 1752 ut

92 1794 366 1890 praeceptoribus
381 1795 466 1866 meis
484 1794 710 1866 dilectissimis
728 1793 884 1890 inprimis
906 1795 1029 1866 rectori
1047 1794 1112 1890 ipsi
1132 1801 1236 1887 atque
1253 1791 1457 1865 Hermanno
1475 1791 1518 1864 de.
1536 1793 1684 1866 Rohden
1701 1794 1888 1890 aliquando
1908 1799 2058 1891 gratiam

91 1911 237 1982 debitam
255 1909 398 1981 reddam
416 1911 489 1982 fore
506 1909 660 2005 despero.

235 2029 433 2098 huctumuo
452 2052 482 2097 a.
504 2026 536 2098 h.
557 2051 582 2098 s.
613 2025 794 2098 LXXXV
825 2025 984 2120 auspiciis
1028 2025 1068 2096 P.
1089 2025 1271 2098 Albrechti
1307 2027 1372 2099 viri
1407 2027 1644 2102 humanissimi
1678 2029 1869 2102 studiorum
1904 2053 2059 2102 meorum

89 2143 230 2216 fautoris
261 2123 382 2238 postea
420 2142 580 2214 indefessi
621 2143 830 2213 maturitatis
860 2142 1093 2214 testimonium
1126 2141 1270 2236 adeptus
1298 2145 1572 2238 Argentoratum
1606 2146 1754 2240 migraui
1787 2144 1996 2242 philologiae
2024 2156 2058 2218 et

89 2261 249 2354 antiquae
269 2270 303 2332 et
332 2257 526 2330 neolatinae
557 2281 699 2353 operam
725 2257 878 2329 daturus.
915 2257 985 2328 Per
1012 2257 1196 2328 triennium
1231 2257 1301 2330 illie
1328 2283 1383 2330 mc
1414 2259 1604 2332 docuerunt
1624 2284 1679 2331 vv.
1699 2261 1754 2332 dd.
1775 2260 1930 2336 Groeber
1956 2260 2058 2334 Heitz

87 2375 362 2449 Huebsohmanu
376 2373 504 2446 Kaibel
533 2374 605 2445 Leo
623 2373 808 2446 Naumann
827 2372 1074 2445 Reifferscheid
1096 2371 1331 2445 Windelbaud
1347 2399 1354 2466 3
1388 2398 1536 2470 quorum
1554 2401 1631 2448 cnm
1656 2377 1781 2449 scholis
1800 2386 1874 2448 turn
1890 2379 2058 2450 exercita·

87 2492 236 2563 tionibus
263 2491 403 2574 interlui
423 2489 527 2562 ethis
545 2490 683 2584 quidem
712 2487 895 2585 philologis
925 2511 1012 2582 quas
1035 2487 1281 2562 Reifferscheid
1299 2489 1426 2562 Kaibel
1444 2491 1514 2564 Leo
1532 2492 1812 2588 moderabantur,
1846 2517 1907 2590 per
1927 2502 1979 2566 ter
1997 2517 2059 2566 sex

85 2631 221 2678 menses
248 2607 284 2678 in
312 2607 571 2704 proseminario‚
605 2607 640 2677 in
671 2605 855 2677 seminario
888 2605 1015 2678 sodalis
1046 2605 1240 2678 ordinarius
1270 2630 1332 2703 per
1367 2608 1457 2679 idern
1486 2610 1649 2705 temporis
1680 2611 1841 2706 spatium,
1874 2609 2057 2682 neolatinis

69 2723 254 2806 ,Groeberi
271 2746 334 2818 per
352 2723 403 2795 bis
420 2745 481 2795 sex
498 2745 642 2794 menses.

236 2838 351 2926 Quum
368 2838 491 2910 deinde
513 2861 574 2932 per
605 2837 797 2932 complures
822 2861 956 2908 menses
985 2836 1125 2909 Italiam
1161 2839 1427 2933 permigrassem
1462 2840 1541 2913 iude
1574 2842 1618 2912 ab
1648 2841 1759 2913 hieme
1790 2840 1942 2914 eiusdem
1974 2841 2056 2912 anui

82 2953 322 3027 LXXXVIII
337 2955 370 3026 h.
388 2979 413 3026 s.
442 2953 487 3025 ad
515 2963 651 3050 tempus
682 2954 851 3026 aestivum
879 2953 962 3025 anni
982 2953 1165 3026 LXXXX
1193 2955 1276 3028 civis
1296 2956 1358 3028 'fui
1384 2957 1616 3028 universitatis
1636 2957 1827 3030 Rhenanae
1851 2957 2054 3030 Bonnensis.

82 3072 286 3142 Docu'eruut
313 3093 368 3141 me
385 3070 450 3142 hoo
477 3069 613 3142 biennio
637 3069 847 3164 professores
873 3069 1094 3142 illustrissimi
1120 3069 1310 3142 Buecheler
1337 3071 1394 3143 W.
1415 3073 1576 3145 Foerster
1608 3073 1834 3146 Neuhaeuser
1866 3074 1911 3145 H.
1932 3075 2058 3147 Nissen

83 3186 220 3259 Usener
249 3186 291 3257 R.
313 3184 451 3258 chule
481 3185 675 3278 Luebbert3
705 3191 931 3279 posteaquam
960 3209 1022 3280 per
1053 3185 1159 3258 semel
1186 3211 1245 3260 sex
1274 3211 1408 3260 menses
1426 3188 1462 3260 in
1480 3189 1728 3284 proseminario
1759 3213 1899 3286 operam
1930 3189 2058 3262 navari

80 3301 232 3374 Useneri
249 3301 374 3374 scholis
402 3301 534 3396 graecis
561 3301 748 3372 Luebberti
766 3299 882 3373 latinis
913 3301 1040 3395 insigni
1059 3301 1260 3375 Buecheleri
1279 3314 1312 3374 et
1331 3302 1477 3376 Useneri
1495 3304 1736 3377 benevolentia
1756 3305 1838 3376 mihi
1858 3306 2002 3400 contigit
2020 3313 2057 3378 ut

79 3443 144 3514 per
176 3441 304 3488 annum
335 3417 572 3512 insequentem
599 3403 761 3488 seminari
791 3417 877 3510 regii
908 3416 1035 3490 sodalis
1069 3442 1178 3490 essem
1210 3419 1426 3511 ordinarius3
1463 3419 1555 3513 quod
1587 3420 1708 3492 eodem
1738 3421 1809 3492 fere
1841 3429 1993 3516 tempore
2021 3421 2057 3492 in

79 3557 229 3606 numero
248 3532 417 3605 sodalium
437 3532 690 3604 ordinariorum
720 3533 894 3604 seminarii
911 3532 995 3627 regii
1013 3533 1179 3605 neclatini
1205 3543 1362 3630 receptus
1382 3559 1458 3606 sum
1490 3535 1535 3606 ad
1553 3536 1714 3608 eximiam
1742 3535 1916 3610 l‘oersteri
1934 3535 2056 3608 huma-

79 3651 229 3722 nitatem
249 3649 363 3721 animo
383 3648 494 3721 refero
513 3648 728 3742 gratissim03
761 3657 957 3742 praeterea
976 3649 1020 3720 ad
1040 3649 1175 3722 scholas
1193 3651 1364 3722 umbricas
1381 3651 1572 3724 Buecheler
1590 3652 1813 3748 philosophas
1831 3652 2057 3726 Neuhaeuser

78 3765 228 3838 comiter
241 3787 297 3836 me
315 3765 538 3837 admiserunt.

232 3883 347 3952 Mense
374 3879 501 3950 Martio
521 3903 552 3951 a.
571 3878 604 3950 h.
625 3901 651 3950 s.
673 3878 874 3951 LXXXXI
909 3879 1091 3976 collegium
1128 3881 1372 3978 philosophum
1413 3883 1597 3957 Bonnense
1640 3885 1801 3957 exhibitis
1835 3884 2057 3979 probatisque

78 3995 277 4068 studiorum
303 4019 459 4067 meorum
478 3995 521 4066 de
548 3993 665 4066 Caelio
696 3995 888 4067 Aureliano
924 3996 1072 4070 Siccensi
1107 3997 1266 4093 primitiis
1293 4005 1326 4069 et
1354 4000 1571 4074 examinibus
1597 4001 1766 4096 superatis
1782 4009 1818 4070 ut
1839 4023 1990 4072 summos
2020 4001 2056 4071 in

78 4109 302 4207 philosophia
321 4111 468 4183 honores
488 4133 701 4205 capesserem
718 4110 827 4182 voluit
844 4119 878 4182 et
895 4114 1025 4184 statuit.

234 4225 403 4300 Omnibus
430 4227 489 4322 qui
508 4251 563 4298 me
591 4225 781 4299 docuerunt
800 4249 855 4298 vv.
875 4227 930 4298 dd.
953 4237 986 4300 et
1004 4229 1051 4301 ill.
1068 4230 1199 4324 gratias
1217 4254 1282 4324 ago
1301 4254 1518 4325 permagnas.
1550 4231 1678 4303 lleitzii
1696 4231 1883 4304 Luebherti
1909 4231 2053 4304 Reiffer-

77 4342 226 4416 scheidii
253 4353 364 4414 morte
391 4344 614 4438 abreptarum
641 4341 842 4414 memoriam
862 4344 955 4438 piam
973 4346 1140 4440 servab03
1173 4345 1329 4442 inprimis
1347 4370 1428 4418 vero
1451 4347 1660 4418 Buechelero
1678 4347 1860 4420 Foerstero
1878 4347 2053 4420 Groebero

77 4460 233 4532 Nisseno
264 4459 421 4531 Usenero
439 4459 626 4552 magistris,
658 4457 736 4529 Car.
758 4457 928 4530 Friedelio
956 4459 1146 4533 Albreehto
1165 4461 1357 4535 fautoribus
1384 4462 1418 4532 in
1443 4472 1644 4558 perpetuum
1664 4463 1843 4536 ‹leuinctns
1860 4489 1935 4536 sum
1957 4465 2058 4535 bene-

77 4575 169 4646 liciis
188 4575 224 4645 in
242 4598 297 4646 me
315 4573 459 4647 collatis.

173 5055 175 5058 ⁵
235 5110 305 5183 scr.
324 5112 436 5184 uena
454 5136 484 5184 a.
507 5110 770 5183 nnnxxxx.
843 5179 847 5187 .
