<?xml version="1.0" encoding="UTF-8"?>
<!DOCTYPE html PUBLIC "-//W3C//DTD XHTML 1.0 Transitional//EN"
    "http://www.w3.org/TR/xhtml1/DTD/xhtml1-transitional.dtd">
<html xmlns="http://www.w3.org/1999/xhtml" xml:lang="en" lang="en">
 <head>
  <title>
</title>
<meta http-equiv="Content-Type" content="text/html;charset=utf-8" />
  <meta name='ocr-system' content='tesseract 3.04.00' />
  <meta name='ocr-capabilities' content='ocr_page ocr_carea ocr_par ocr_line ocrx_word'/>
</head>
<body>
  <div class='ocr_page' id='page_1' title='image "./descriptiscaeli00friegoog_0016.png"; bbox 0 0 4756 6094; ppageno 0'>
   <div class='ocr_carea' id='block_1_1' title="bbox 1045 352 1231 420">
    <p class='ocr_par' dir='ltr' id='par_1_1' title="bbox 1045 352 1231 420">
     <span class='ocr_line' id='line_1_1' title="bbox 1045 352 1231 420; baseline 0 -21"><span class='ocrx_word' id='word_1_1' title='bbox 1045 352 1231 420; x_wconf 71' lang='lat' dir='ltr'>..qq-</span> 
     </span>
    </p>
   </div>
   <div class='ocr_carea' id='block_1_2' title="bbox 141 501 2126 852">
    <p class='ocr_par' dir='ltr' id='par_1_2' title="bbox 141 501 2126 852">
     <span class='ocr_line' id='line_1_2' title="bbox 141 501 2126 618; baseline -0.001 -22"><span class='ocrx_word' id='word_1_2' title='bbox 141 501 333 602; x_wconf 83' lang='lat' dir='ltr'>latinorum</span> <span class='ocrx_word' id='word_1_3' title='bbox 360 547 469 618; x_wconf 87' lang='lat' dir='ltr'>genus</span> <span class='ocrx_word' id='word_1_4' title='bbox 492 524 593 596; x_wconf 91' lang='lat' dir='ltr'>modo</span> <span class='ocrx_word' id='word_1_5' title='bbox 620 533 659 595; x_wconf 92' lang='lat' dir='ltr'>ut</span> <span class='ocrx_word' id='word_1_6' title='bbox 685 523 868 595; x_wconf 91' lang='lat' dir='ltr'>voluerunt</span> <span class='ocrx_word' id='word_1_7' title='bbox 892 548 947 596; x_wconf 90' lang='lat' dir='ltr'>vv.</span> <span class='ocrx_word' id='word_1_8' title='bbox 970 523 1025 596; x_wconf 93' lang='lat' dir='ltr'>dd.</span> <span class='ocrx_word' id='word_1_9' title='bbox 1052 523 1319 614; x_wconf 80' lang='lat' dir='ltr'>„rusticitatem“</span> <span class='ocrx_word' id='word_1_10' title='bbox 1342 529 1404 592; x_wconf 90' lang='lat' dir='ltr'>aut</span> <span class='ocrx_word' id='word_1_11' title='bbox 1425 519 1671 612; x_wconf 78' lang='lat' dir='ltr'>„africitatam“</span> <span class='ocrx_word' id='word_1_12' title='bbox 1693 521 1833 618; x_wconf 82' lang='lat' dir='ltr'>sapiat?</span> <span class='ocrx_word' id='word_1_13' title='bbox 1866 521 2008 594; x_wconf 80' lang='lat' dir='ltr'>Rectius</span> <span class='ocrx_word' id='word_1_14' title='bbox 2037 521 2126 594; x_wconf 89' lang='lat' dir='ltr'>haec</span> 
     </span>
     <span class='ocr_line' id='line_1_3' title="bbox 143 635 2125 736; baseline -0.002 -24"><span class='ocrx_word' id='word_1_15' title='bbox 143 640 272 735; x_wconf 83' lang='lat' dir='ltr'>scrIpta</span> <span class='ocrx_word' id='word_1_16' title='bbox 298 663 503 734; x_wconf 92' lang='lat' dir='ltr'>componere</span> <span class='ocrx_word' id='word_1_17' title='bbox 520 638 733 712; x_wconf 73' lang='lat' dir='ltr'>studebimus</span> <span class='ocrx_word' id='word_1_18' title='bbox 760 663 838 710; x_wconf 91' lang='lat' dir='ltr'>oum</span> <span class='ocrx_word' id='word_1_19' title='bbox 864 638 941 712; x_wconf 90' lang='lat' dir='ltr'>aliis</span> <span class='ocrx_word' id='word_1_20' title='bbox 966 662 1056 734; x_wconf 90' lang='lat' dir='ltr'>quae</span> <span class='ocrx_word' id='word_1_21' title='bbox 1077 637 1251 736; x_wconf 85' lang='lat' dir='ltr'>communi</span> <span class='ocrx_word' id='word_1_22' title='bbox 1274 635 1426 732; x_wconf 89' lang='lat' dir='ltr'>quadarn</span> <span class='ocrx_word' id='word_1_23' title='bbox 1452 636 1584 708; x_wconf 90' lang='lat' dir='ltr'>ratione</span> <span class='ocrx_word' id='word_1_24' title='bbox 1613 649 1646 708; x_wconf 90' lang='lat' dir='ltr'>et</span> <span class='ocrx_word' id='word_1_25' title='bbox 1674 636 1869 730; x_wconf 87' lang='lat' dir='ltr'>argumenti</span> <span class='ocrx_word' id='word_1_26' title='bbox 1898 645 1932 707; x_wconf 92' lang='lat' dir='ltr'>et</span> <span class='ocrx_word' id='word_1_27' title='bbox 1951 637 2125 733; x_wconf 91' lang='lat' dir='ltr'>composi-</span> 
     </span>
     <span class='ocr_line' id='line_1_4' title="bbox 142 751 1905 852; baseline -0.003 -24"><span class='ocrx_word' id='word_1_28' title='bbox 142 757 245 828; x_wconf 85' lang='lat' dir='ltr'>tionis</span> <span class='ocrx_word' id='word_1_29' title='bbox 263 754 439 838; x_wconf 87' lang='lat' dir='ltr'>saeculum</span> <span class='ocrx_word' id='word_1_30' title='bbox 465 755 563 852; x_wconf 80' lang='lat' dir='ltr'><strong>quasi</strong></span> <span class='ocrx_word' id='word_1_31' title='bbox 581 754 732 852; x_wconf 77' lang='lat' dir='ltr'>prodant</span> <span class='ocrx_word' id='word_1_32' title='bbox 748 779 793 828; x_wconf 88' lang='lat' dir='ltr'>nc</span> <span class='ocrx_word' id='word_1_33' title='bbox 810 754 955 850; x_wconf 76' lang='lat' dir='ltr'><strong>scriptor</strong></span> <span class='ocrx_word' id='word_1_34' title='bbox 970 754 1180 850; x_wconf 80' lang='lat' dir='ltr'>peculiarem</span> <span class='ocrx_word' id='word_1_35' title='bbox 1197 753 1311 826; x_wconf 90' lang='lat' dir='ltr'>Iocum</span> <span class='ocrx_word' id='word_1_36' title='bbox 1331 753 1364 826; x_wconf 93' lang='lat' dir='ltr'>in</span> <span class='ocrx_word' id='word_1_37' title='bbox 1388 751 1512 824; x_wconf 90' lang='lat' dir='ltr'>litteris</span> <span class='ocrx_word' id='word_1_38' title='bbox 1532 752 1689 824; x_wconf 87' lang='lat' dir='ltr'>videatur</span> <span class='ocrx_word' id='word_1_39' title='bbox 1709 751 1905 824; x_wconf 80' lang='lat' dir='ltr'>obtinuisse.</span> 
     </span>
    </p>
   </div>
   <div class='ocr_carea' id='block_1_3' title="bbox 137 884 2125 3177">
    <p class='ocr_par' dir='ltr' id='par_1_3' title="bbox 137 884 2125 3177">
     <span class='ocr_line' id='line_1_5' title="bbox 265 884 2125 982; baseline -0.003 -19"><span class='ocrx_word' id='word_1_40' title='bbox 265 888 316 962; x_wconf 90' lang='lat' dir='ltr'>Ut</span> <span class='ocrx_word' id='word_1_41' title='bbox 349 888 475 960; x_wconf 90' lang='lat' dir='ltr'>librum</span> <span class='ocrx_word' id='word_1_42' title='bbox 510 886 684 960; x_wconf 91' lang='lat' dir='ltr'>Graecum</span> <span class='ocrx_word' id='word_1_43' title='bbox 715 885 951 982; x_wconf 85' lang='lat' dir='ltr'>Epistolarum</span> <span class='ocrx_word' id='word_1_44' title='bbox 983 887 1025 958; x_wconf 92' lang='lat' dir='ltr'>ad</span> <span class='ocrx_word' id='word_1_45' title='bbox 1063 886 1220 960; x_wconf 88' lang='lat' dir='ltr'>Vettium</span> <span class='ocrx_word' id='word_1_46' title='bbox 1254 885 1425 980; x_wconf 88' lang='lat' dir='ltr'>Agerium</span> <span class='ocrx_word' id='word_1_47' title='bbox 1457 885 1722 956; x_wconf 90' lang='lat' dir='ltr'>Praetextatum</span> <span class='ocrx_word' id='word_1_48' title='bbox 1749 884 1890 958; x_wconf 89' lang='lat' dir='ltr'>missum</span> <span class='ocrx_word' id='word_1_49' title='bbox 1917 909 1990 960; x_wconf 90' lang='lat' dir='ltr'>csse</span> <span class='ocrx_word' id='word_1_50' title='bbox 2017 909 2125 981; x_wconf 90' lang='lat' dir='ltr'>supra</span> 
     </span>
     <span class='ocr_line' id='line_1_6' title="bbox 143 999 2125 1102; baseline -0.003 -22"><span class='ocrx_word' id='word_1_51' title='bbox 143 1005 336 1102; x_wconf 90' lang='lat' dir='ltr'>suspicarer</span> <span class='ocrx_word' id='word_1_52' title='bbox 367 1027 437 1076; x_wconf 91' lang='lat' dir='ltr'>non</span> <span class='ocrx_word' id='word_1_53' title='bbox 480 1001 590 1076; x_wconf 89' lang='lat' dir='ltr'>solum</span> <span class='ocrx_word' id='word_1_54' title='bbox 623 1003 761 1074; x_wconf 91' lang='lat' dir='ltr'>nemine</span> <span class='ocrx_word' id='word_1_55' title='bbox 805 1001 974 1074; x_wconf 88' lang='lat' dir='ltr'>adductus</span> <span class='ocrx_word' id='word_1_56' title='bbox 1012 1026 1098 1096; x_wconf 88' lang='lat' dir='ltr'>sum,</span> <span class='ocrx_word' id='word_1_57' title='bbox 1140 1001 1199 1074; x_wconf 92' lang='lat' dir='ltr'>sed</span> <span class='ocrx_word' id='word_1_58' title='bbox 1229 1000 1321 1096; x_wconf 90' lang='lat' dir='ltr'>quod</span> <span class='ocrx_word' id='word_1_59' title='bbox 1359 999 1497 1072; x_wconf 82' lang='lat' dir='ltr'>Caclius</span> <span class='ocrx_word' id='word_1_60' title='bbox 1533 1000 1744 1072; x_wconf 88' lang='lat' dir='ltr'>Aurelianus</span> <span class='ocrx_word' id='word_1_61' title='bbox 1784 999 1977 1072; x_wconf 89' lang='lat' dir='ltr'>studiorum</span> <span class='ocrx_word' id='word_1_62' title='bbox 2018 1007 2125 1097; x_wconf 89' lang='lat' dir='ltr'>atquc</span> 
     </span>
     <span class='ocr_line' id='line_1_7' title="bbox 143 1115 2125 1211; baseline -0.002 -19"><span class='ocrx_word' id='word_1_63' title='bbox 143 1119 291 1194; x_wconf 84' lang='lat' dir='ltr'>fortasse</span> <span class='ocrx_word' id='word_1_64' title='bbox 316 1119 451 1192; x_wconf 90' lang='lat' dir='ltr'>dicendi</span> <span class='ocrx_word' id='word_1_65' title='bbox 477 1117 603 1190; x_wconf 90' lang='lat' dir='ltr'>rationi</span> <span class='ocrx_word' id='word_1_66' title='bbox 627 1117 867 1211; x_wconf 78' lang='lat' dir='ltr'>voluntatique</span> <span class='ocrx_word' id='word_1_67' title='bbox 900 1139 1004 1211; x_wconf 89' lang='lat' dir='ltr'>quam</span> <span class='ocrx_word' id='word_1_68' title='bbox 1034 1117 1283 1188; x_wconf 80' lang='lat' dir='ltr'>Praetextatus</span> <span class='ocrx_word' id='word_1_69' title='bbox 1301 1115 1358 1187; x_wconf 92' lang='lat' dir='ltr'>ille</span> <span class='ocrx_word' id='word_1_70' title='bbox 1377 1139 1438 1188; x_wconf 91' lang='lat' dir='ltr'>suo</span> <span class='ocrx_word' id='word_1_71' title='bbox 1459 1115 1617 1210; x_wconf 89' lang='lat' dir='ltr'>exemplo</span> <span class='ocrx_word' id='word_1_72' title='bbox 1646 1116 1815 1210; x_wconf 80' lang='lat' dir='ltr'>expressit</span> <span class='ocrx_word' id='word_1_73' title='bbox 1843 1116 2024 1189; x_wconf 82' lang='lat' dir='ltr'>obsecutus</span> <span class='ocrx_word' id='word_1_74' title='bbox 2050 1140 2125 1190; x_wconf 90' lang='lat' dir='ltr'>csse</span> 
     </span>
     <span class='ocr_line' id='line_1_8' title="bbox 143 1229 2125 1327; baseline -0.003 -19"><span class='ocrx_word' id='word_1_75' title='bbox 143 1235 290 1308; x_wconf 91' lang='lat' dir='ltr'>videtur.</span> <span class='ocrx_word' id='word_1_76' title='bbox 316 1235 412 1308; x_wconf 86' lang='lat' dir='ltr'>Num</span> <span class='ocrx_word' id='word_1_77' title='bbox 432 1241 523 1306; x_wconf 92' lang='lat' dir='ltr'>recte</span> <span class='ocrx_word' id='word_1_78' title='bbox 544 1258 598 1304; x_wconf 92' lang='lat' dir='ltr'>vv.</span> <span class='ocrx_word' id='word_1_79' title='bbox 620 1233 676 1304; x_wconf 87' lang='lat' dir='ltr'>dd.</span> <span class='ocrx_word' id='word_1_80' title='bbox 695 1231 852 1305; x_wconf 91' lang='lat' dir='ltr'>libellum</span> <span class='ocrx_word' id='word_1_81' title='bbox 881 1232 940 1327; x_wconf 93' lang='lat' dir='ltr'>qui</span> <span class='ocrx_word' id='word_1_82' title='bbox 960 1232 1048 1304; x_wconf 90' lang='lat' dir='ltr'>inter</span> <span class='ocrx_word' id='word_1_83' title='bbox 1068 1231 1101 1302; x_wconf 82' lang='lat' dir='ltr'>S.</span> <span class='ocrx_word' id='word_1_84' title='bbox 1121 1229 1310 1325; x_wconf 76' lang='lat' dir='ltr'>Augustini</span> <span class='ocrx_word' id='word_1_85' title='bbox 1328 1253 1434 1325; x_wconf 89' lang='lat' dir='ltr'>opera</span> <span class='ocrx_word' id='word_1_86' title='bbox 1453 1229 1562 1302; x_wconf 89' lang='lat' dir='ltr'>lertur</span> <span class='ocrx_word' id='word_1_87' title='bbox 1589 1231 1648 1324; x_wconf 94' lang='lat' dir='ltr'>qui</span> <span class='ocrx_word' id='word_1_88' title='bbox 1666 1231 1864 1303; x_wconf 87' lang='lat' dir='ltr'>inscribitur</span> <span class='ocrx_word' id='word_1_89' title='bbox 1896 1231 2125 1326; x_wconf 80' lang='lat' dir='ltr'>„Catageriae</span> 
     </span>
     <span class='ocr_line' id='line_1_9' title="bbox 142 1345 2123 1443; baseline -0.001 -22"><span class='ocrx_word' id='word_1_90' title='bbox 142 1349 261 1422; x_wconf 92' lang='lat' dir='ltr'>decem</span> <span class='ocrx_word' id='word_1_91' title='bbox 278 1373 322 1422; x_wconf 86' lang='lat' dir='ltr'>ex</span> <span class='ocrx_word' id='word_1_92' title='bbox 347 1349 534 1423; x_wconf 85' lang='lat' dir='ltr'>Aristotele</span> <span class='ocrx_word' id='word_1_93' title='bbox 559 1349 775 1443; x_wconf 86' lang='lat' dir='ltr'>decerptae“¹</span> <span class='ocrx_word' id='word_1_94' title='bbox 804 1346 1016 1420; x_wconf 89' lang='lat' dir='ltr'>nobilissimo</span> <span class='ocrx_word' id='word_1_95' title='bbox 1054 1345 1104 1419; x_wconf 93' lang='lat' dir='ltr'>illi</span> <span class='ocrx_word' id='word_1_96' title='bbox 1130 1347 1203 1418; x_wconf 90' lang='lat' dir='ltr'>viro</span> <span class='ocrx_word' id='word_1_97' title='bbox 1222 1347 1465 1440; x_wconf 87' lang='lat' dir='ltr'>adscripserint</span> <span class='ocrx_word' id='word_1_98' title='bbox 1496 1346 1560 1418; x_wconf 93' lang='lat' dir='ltr'>hoc</span> <span class='ocrx_word' id='word_1_99' title='bbox 1582 1346 1657 1418; x_wconf 93' lang='lat' dir='ltr'>Ioco</span> <span class='ocrx_word' id='word_1_100' title='bbox 1677 1347 1861 1442; x_wconf 88' lang='lat' dir='ltr'>disceptari</span> <span class='ocrx_word' id='word_1_101' title='bbox 1881 1347 2021 1442; x_wconf 77' lang='lat' dir='ltr'>nequit3</span> <span class='ocrx_word' id='word_1_102' title='bbox 2062 1347 2123 1420; x_wconf 90' lang='lat' dir='ltr'>sed</span> 
     </span>
     <span class='ocr_line' id='line_1_10' title="bbox 142 1460 2124 1560; baseline -0.002 -24"><span class='ocrx_word' id='word_1_103' title='bbox 142 1489 281 1560; x_wconf 89' lang='lat' dir='ltr'>quoque</span> <span class='ocrx_word' id='word_1_104' title='bbox 304 1465 404 1538; x_wconf 92' lang='lat' dir='ltr'>medo</span> <span class='ocrx_word' id='word_1_105' title='bbox 429 1488 482 1536; x_wconf 90' lang='lat' dir='ltr'>ras</span> <span class='ocrx_word' id='word_1_106' title='bbox 508 1489 544 1536; x_wconf 91' lang='lat' dir='ltr'>se</span> <span class='ocrx_word' id='word_1_107' title='bbox 565 1463 671 1534; x_wconf 90' lang='lat' dir='ltr'>habet</span> <span class='ocrx_word' id='word_1_108' title='bbox 690 1487 760 1534; x_wconf 93' lang='lat' dir='ltr'>non</span> <span class='ocrx_word' id='word_1_109' title='bbox 778 1462 889 1534; x_wconf 90' lang='lat' dir='ltr'>solum</span> <span class='ocrx_word' id='word_1_110' title='bbox 909 1463 997 1534; x_wconf 92' lang='lat' dir='ltr'>mira</span> <span class='ocrx_word' id='word_1_111' title='bbox 1010 1461 1189 1534; x_wconf 86' lang='lat' dir='ltr'>intercedit</span> <span class='ocrx_word' id='word_1_112' title='bbox 1207 1460 1393 1532; x_wconf 79' lang='lat' dir='ltr'>slmilitudo</span> <span class='ocrx_word' id='word_1_113' title='bbox 1409 1462 1498 1532; x_wconf 82' lang='lat' dir='ltr'>inter</span> <span class='ocrx_word' id='word_1_114' title='bbox 1511 1461 1825 1556; x_wconf 80' lang='lat' dir='ltr'>praefatiunculas¹</span> <span class='ocrx_word' id='word_1_115' title='bbox 1857 1474 1891 1534; x_wconf 94' lang='lat' dir='ltr'>et</span> <span class='ocrx_word' id='word_1_116' title='bbox 1908 1462 2000 1535; x_wconf 92' lang='lat' dir='ltr'>illius</span> <span class='ocrx_word' id='word_1_117' title='bbox 2013 1461 2124 1534; x_wconf 89' lang='lat' dir='ltr'>libelli</span> 
     </span>
     <span class='ocr_line' id='line_1_11' title="bbox 142 1576 2124 1676; baseline -0.001 -24"><span class='ocrx_word' id='word_1_118' title='bbox 142 1591 177 1652; x_wconf 89' lang='lat' dir='ltr'>et</span> <span class='ocrx_word' id='word_1_119' title='bbox 194 1581 481 1676; x_wconf 88' lang='lat' dir='ltr'>Responsienum,</span> <span class='ocrx_word' id='word_1_120' title='bbox 501 1603 621 1651; x_wconf 90' lang='lat' dir='ltr'>verum</span> <span class='ocrx_word' id='word_1_121' title='bbox 636 1579 739 1650; x_wconf 89' lang='lat' dir='ltr'>etiam</span> <span class='ocrx_word' id='word_1_122' title='bbox 751 1577 905 1650; x_wconf 91' lang='lat' dir='ltr'>libellum</span> <span class='ocrx_word' id='word_1_123' title='bbox 919 1578 1030 1674; x_wconf 89' lang='lat' dir='ltr'>ipsum</span> <span class='ocrx_word' id='word_1_124' title='bbox 1045 1576 1235 1672; x_wconf 78' lang='lat' dir='ltr'>perlegenti</span> <span class='ocrx_word' id='word_1_125' title='bbox 1246 1601 1315 1648; x_wconf 93' lang='lat' dir='ltr'>non</span> <span class='ocrx_word' id='word_1_126' title='bbox 1326 1576 1499 1648; x_wconf 89' lang='lat' dir='ltr'>nullorum</span> <span class='ocrx_word' id='word_1_127' title='bbox 1510 1577 1754 1650; x_wconf 72' lang='lat' dir='ltr'>Caelianorum</span> <span class='ocrx_word' id='word_1_128' title='bbox 1770 1578 1854 1649; x_wconf 92' lang='lat' dir='ltr'>mihi</span> <span class='ocrx_word' id='word_1_129' title='bbox 1869 1579 1902 1650; x_wconf 91' lang='lat' dir='ltr'>in</span> <span class='ocrx_word' id='word_1_130' title='bbox 1919 1579 2124 1651; x_wconf 87' lang='lat' dir='ltr'>memoriam</span> 
     </span>
     <span class='ocr_line' id='line_1_12' title="bbox 141 1685 2124 1798; baseline 0.001 -32"><span class='ocrx_word' id='word_1_131' title='bbox 141 1696 281 1788; x_wconf 79' lang='lat' dir='ltr'>venit3³</span> <span class='ocrx_word' id='word_1_132' title='bbox 314 1719 418 1792; x_wconf 90' lang='lat' dir='ltr'>porro</span> <span class='ocrx_word' id='word_1_133' title='bbox 438 1695 556 1768; x_wconf 90' lang='lat' dir='ltr'>videas</span> <span class='ocrx_word' id='word_1_134' title='bbox 580 1693 683 1766; x_wconf 91' lang='lat' dir='ltr'>velim</span> <span class='ocrx_word' id='word_1_135' title='bbox 714 1705 844 1788; x_wconf 94' lang='lat' dir='ltr'>quanto</span> <span class='ocrx_word' id='word_1_136' title='bbox 868 1717 970 1788; x_wconf 89' lang='lat' dir='ltr'>opere</span> <span class='ocrx_word' id='word_1_137' title='bbox 997 1691 1041 1798; x_wconf 28' lang='lat' dir='ltr'>C..</span> <span class='ocrx_word' id='word_1_138' title='bbox 1060 1697 1103 1765; x_wconf 91' lang='lat' dir='ltr'>A.</span> <span class='ocrx_word' id='word_1_139' title='bbox 1122 1717 1201 1766; x_wconf 92' lang='lat' dir='ltr'>cum</span> <span class='ocrx_word' id='word_1_140' title='bbox 1229 1692 1305 1764; x_wconf 87' lang='lat' dir='ltr'>aliis</span> <span class='ocrx_word' id='word_1_141' title='bbox 1331 1685 1434 1764; x_wconf 80' lang='lat' dir='ltr'>rebus</span> <span class='ocrx_word' id='word_1_142' title='bbox 1460 1693 1695 1788; x_wconf 85' lang='lat' dir='ltr'>grammaticis</span> <span class='ocrx_word' id='word_1_143' title='bbox 1725 1702 1759 1766; x_wconf 91' lang='lat' dir='ltr'>ct</span> <span class='ocrx_word' id='word_1_144' title='bbox 1794 1693 2007 1790; x_wconf 89' lang='lat' dir='ltr'>philosophis</span> <span class='ocrx_word' id='word_1_145' title='bbox 2035 1718 2124 1790; x_wconf 88' lang='lat' dir='ltr'>quas</span> 
     </span>
     <span class='ocr_line' id='line_1_13' title="bbox 142 1808 2122 1906; baseline -0.001 -24"><span class='ocrx_word' id='word_1_146' title='bbox 142 1811 178 1882; x_wconf 86' lang='lat' dir='ltr'>iu</span> <span class='ocrx_word' id='word_1_147' title='bbox 204 1811 339 1906; x_wconf 91' lang='lat' dir='ltr'>scriptis</span> <span class='ocrx_word' id='word_1_148' title='bbox 365 1810 526 1884; x_wconf 85' lang='lat' dir='ltr'>Soraneis</span> <span class='ocrx_word' id='word_1_149' title='bbox 556 1809 707 1906; x_wconf 91' lang='lat' dir='ltr'>repperit</span> <span class='ocrx_word' id='word_1_150' title='bbox 738 1821 809 1881; x_wconf 91' lang='lat' dir='ltr'>tum</span> <span class='ocrx_word' id='word_1_151' title='bbox 829 1809 1061 1904; x_wconf 90' lang='lat' dir='ltr'>disputatione</span> <span class='ocrx_word' id='word_1_152' title='bbox 1086 1809 1146 1880; x_wconf 87' lang='lat' dir='ltr'>illa</span> <span class='ocrx_word' id='word_1_153' title='bbox 1164 1809 1206 1879; x_wconf 89' lang='lat' dir='ltr'>de</span> <span class='ocrx_word' id='word_1_154' title='bbox 1224 1808 1406 1902; x_wconf 88' lang='lat' dir='ltr'>categoriis</span> <span class='ocrx_word' id='word_1_155' title='bbox 1424 1817 1458 1880; x_wconf 91' lang='lat' dir='ltr'>et</span> <span class='ocrx_word' id='word_1_156' title='bbox 1489 1809 1696 1905; x_wconf 88' lang='lat' dir='ltr'>prosegeriis</span> <span class='ocrx_word' id='word_1_157' title='bbox 1725 1835 1794 1904; x_wconf 91' lang='lat' dir='ltr'>qua</span> <span class='ocrx_word' id='word_1_158' title='bbox 1811 1810 2027 1906; x_wconf 84' lang='lat' dir='ltr'>Asclepiadis</span> <span class='ocrx_word' id='word_1_159' title='bbox 2044 1833 2122 1882; x_wconf 91' lang='lat' dir='ltr'>sen·</span> 
     </span>
     <span class='ocr_line' id='line_1_14' title="bbox 141 1923 2124 2021; baseline -0.001 -24"><span class='ocrx_word' id='word_1_160' title='bbox 141 1925 286 1998; x_wconf 90' lang='lat' dir='ltr'>tentiam</span> <span class='ocrx_word' id='word_1_161' title='bbox 318 1925 443 1998; x_wconf 88' lang='lat' dir='ltr'>refellit</span> <span class='ocrx_word' id='word_1_162' title='bbox 469 1925 658 1998; x_wconf 89' lang='lat' dir='ltr'>delectetur</span> <span class='ocrx_word' id='word_1_163' title='bbox 673 1939 691 1995; x_wconf 78' lang='lat'>⁴.</span> <span class='ocrx_word' id='word_1_164' title='bbox 721 1924 787 1996; x_wconf 84' lang='lat' dir='ltr'>Sed</span> <span class='ocrx_word' id='word_1_165' title='bbox 807 1924 840 1994; x_wconf 93' lang='lat' dir='ltr'>in</span> <span class='ocrx_word' id='word_1_166' title='bbox 869 1923 1178 2017; x_wconf 88' lang='lat' dir='ltr'>hisacquiesca1n;</span> <span class='ocrx_word' id='word_1_167' title='bbox 1212 1923 1303 1996; x_wconf 87' lang='lat' dir='ltr'>malo</span> <span class='ocrx_word' id='word_1_168' title='bbox 1335 1924 1563 2018; x_wconf 87' lang='lat' dir='ltr'>suspicionem</span> <span class='ocrx_word' id='word_1_169' title='bbox 1594 1949 1699 2018; x_wconf 91' lang='lat' dir='ltr'>quam</span> <span class='ocrx_word' id='word_1_170' title='bbox 1726 1925 1882 2021; x_wconf 87' lang='lat' dir='ltr'>proferre</span> <span class='ocrx_word' id='word_1_171' title='bbox 1918 1949 2022 2000; x_wconf 88' lang='lat' dir='ltr'>ausus</span> <span class='ocrx_word' id='word_1_172' title='bbox 2045 1949 2124 1997; x_wconf 91' lang='lat' dir='ltr'>sum</span> 
     </span>
     <span class='ocr_line' id='line_1_15' title="bbox 140 2038 2122 2136; baseline -0.001 -23"><span class='ocrx_word' id='word_1_173' title='bbox 140 2040 394 2114; x_wconf 86' lang='lat' dir='ltr'>diiudicandam</span> <span class='ocrx_word' id='word_1_174' title='bbox 413 2038 608 2133; x_wconf 90' lang='lat' dir='ltr'>relinquere</span> <span class='ocrx_word' id='word_1_175' title='bbox 620 2039 664 2112; x_wconf 90' lang='lat' dir='ltr'>iis</span> <span class='ocrx_word' id='word_1_176' title='bbox 689 2039 748 2134; x_wconf 92' lang='lat' dir='ltr'>qui</span> <span class='ocrx_word' id='word_1_177' title='bbox 767 2040 963 2112; x_wconf 86' lang='lat' dir='ltr'>accuratius</span> <span class='ocrx_word' id='word_1_178' title='bbox 980 2063 1086 2132; x_wconf 83' lang='lat' dir='ltr'>quani</span> <span class='ocrx_word' id='word_1_179' title='bbox 1105 2039 1187 2110; x_wconf 91' lang='lat' dir='ltr'>mihi</span> <span class='ocrx_word' id='word_1_180' title='bbox 1203 2039 1316 2110; x_wconf 92' lang='lat' dir='ltr'>adhuc</span> <span class='ocrx_word' id='word_1_181' title='bbox 1331 2038 1428 2110; x_wconf 93' lang='lat' dir='ltr'>licuit</span> <span class='ocrx_word' id='word_1_182' title='bbox 1444 2063 1523 2110; x_wconf 87' lang='lat' dir='ltr'>curu</span> <span class='ocrx_word' id='word_1_183' title='bbox 1540 2041 1582 2112; x_wconf 92' lang='lat' dir='ltr'>de</span> <span class='ocrx_word' id='word_1_184' title='bbox 1605 2039 1728 2113; x_wconf 91' lang='lat' dir='ltr'>litteris</span> <span class='ocrx_word' id='word_1_185' title='bbox 1746 2049 1821 2112; x_wconf 90' lang='lat' dir='ltr'>turn</span> <span class='ocrx_word' id='word_1_186' title='bbox 1838 2041 1881 2114; x_wconf 91' lang='lat' dir='ltr'>de</span> <span class='ocrx_word' id='word_1_187' title='bbox 1895 2041 2122 2136; x_wconf 75' lang='lat' dir='ltr'>philosophice</span> 
     </span>
     <span class='ocr_line' id='line_1_16' title="bbox 139 2154 2122 2252; baseline 0.001 -24"><span class='ocrx_word' id='word_1_188' title='bbox 139 2155 260 2228; x_wconf 89' lang='lat' dir='ltr'>studiis</span> <span class='ocrx_word' id='word_1_189' title='bbox 278 2154 370 2226; x_wconf 87' lang='lat' dir='ltr'>illius</span> <span class='ocrx_word' id='word_1_190' title='bbox 387 2155 512 2226; x_wconf 87' lang='lat' dir='ltr'>aetatis</span> <span class='ocrx_word' id='word_1_191' title='bbox 526 2155 767 2248; x_wconf 86' lang='lat' dir='ltr'>quaesiverint.</span> <span class='ocrx_word' id='word_1_192' title='bbox 796 2154 848 2226; x_wconf 90' lang='lat' dir='ltr'>Dc</span> <span class='ocrx_word' id='word_1_193' title='bbox 866 2154 1001 2227; x_wconf 91' lang='lat' dir='ltr'>dicendi</span> <span class='ocrx_word' id='word_1_194' title='bbox 1019 2163 1133 2226; x_wconf 90' lang='lat' dir='ltr'>autem</span> <span class='ocrx_word' id='word_1_195' title='bbox 1147 2177 1272 2248; x_wconf 88' lang='lat' dir='ltr'>genere</span> <span class='ocrx_word' id='word_1_196' title='bbox 1293 2178 1397 2248; x_wconf 91' lang='lat' dir='ltr'>quam</span> <span class='ocrx_word' id='word_1_197' title='bbox 1411 2155 1535 2228; x_wconf 84' lang='lat' dir='ltr'>similia</span> <span class='ocrx_word' id='word_1_198' title='bbox 1557 2156 1625 2228; x_wconf 93' lang='lat' dir='ltr'>sint</span> <span class='ocrx_word' id='word_1_199' title='bbox 1639 2157 1767 2252; x_wconf 89' lang='lat' dir='ltr'>scripta</span> <span class='ocrx_word' id='word_1_200' title='bbox 1781 2156 1948 2228; x_wconf 79' lang='lat' dir='ltr'>Caeliana</span> <span class='ocrx_word' id='word_1_201' title='bbox 1962 2165 1997 2228; x_wconf 90' lang='lat' dir='ltr'>et</span> <span class='ocrx_word' id='word_1_202' title='bbox 2012 2157 2122 2230; x_wconf 85' lang='lat' dir='ltr'>Cassii</span> 
     </span>
     <span class='ocr_line' id='line_1_17' title="bbox 140 2268 2123 2368; baseline 0.002 -26"><span class='ocrx_word' id='word_1_203' title='bbox 140 2271 266 2343; x_wconf 88' lang='lat' dir='ltr'>Felicis</span> <span class='ocrx_word' id='word_1_204' title='bbox 301 2268 439 2341; x_wconf 87' lang='lat' dir='ltr'>libellus</span> <span class='ocrx_word' id='word_1_205' title='bbox 458 2269 517 2365; x_wconf 91' lang='lat' dir='ltr'>qui</span> <span class='ocrx_word' id='word_1_206' title='bbox 535 2269 731 2341; x_wconf 90' lang='lat' dir='ltr'>inscribitur</span> <span class='ocrx_word' id='word_1_207' title='bbox 763 2271 825 2361; x_wconf 84' lang='lat' dir='ltr'>„de</span> <span class='ocrx_word' id='word_1_208' title='bbox 854 2271 1045 2342; x_wconf 83' lang='lat' dir='ltr'>Medicina“</span> <span class='ocrx_word' id='word_1_209' title='bbox 1075 2271 1145 2341; x_wconf 87' lang='lat' dir='ltr'>iarn</span> <span class='ocrx_word' id='word_1_210' title='bbox 1166 2269 1320 2340; x_wconf 82' lang='lat' dir='ltr'>Wblltlin</span> <span class='ocrx_word' id='word_1_211' title='bbox 1339 2271 1507 2362; x_wconf 74' lang='lat' dir='ltr'>menuit,⁶</span> <span class='ocrx_word' id='word_1_212' title='bbox 1545 2271 1593 2342; x_wconf 91' lang='lat' dir='ltr'>ita</span> <span class='ocrx_word' id='word_1_213' title='bbox 1608 2281 1646 2342; x_wconf 92' lang='lat' dir='ltr'>ut</span> <span class='ocrx_word' id='word_1_214' title='bbox 1666 2271 1720 2343; x_wconf 89' lang='lat' dir='ltr'>vel</span> <span class='ocrx_word' id='word_1_215' title='bbox 1740 2281 1880 2368; x_wconf 87' lang='lat' dir='ltr'>propter</span> <span class='ocrx_word' id='word_1_216' title='bbox 1907 2297 1948 2344; x_wconf 88' lang='lat' dir='ltr'>ea</span> <span class='ocrx_word' id='word_1_217' title='bbox 1965 2271 2123 2366; x_wconf 78' lang='lat' dir='ltr'>IongIore</span> 
     </span>
     <span class='ocr_line' id='line_1_18' title="bbox 139 2361 2121 2484; baseline 0.002 -28"><span class='ocrx_word' id='word_1_218' title='bbox 139 2385 304 2481; x_wconf 87' lang='lat' dir='ltr'>temporis</span> <span class='ocrx_word' id='word_1_219' title='bbox 318 2386 430 2481; x_wconf 93' lang='lat' dir='ltr'>spatio</span> <span class='ocrx_word' id='word_1_220' title='bbox 449 2361 596 2457; x_wconf 69' lang='lat' dir='ltr'>alter¹ab</span> <span class='ocrx_word' id='word_1_221' title='bbox 615 2385 723 2458; x_wconf 91' lang='lat' dir='ltr'>altero</span> <span class='ocrx_word' id='word_1_222' title='bbox 740 2386 876 2480; x_wconf 89' lang='lat' dir='ltr'>seiungi</span> <span class='ocrx_word' id='word_1_223' title='bbox 893 2386 949 2456; x_wconf 83' lang='lat' dir='ltr'>vix</span> <span class='ocrx_word' id='word_1_224' title='bbox 971 2387 1088 2482; x_wconf 90' lang='lat' dir='ltr'>possit.</span> <span class='ocrx_word' id='word_1_225' title='bbox 1106 2385 1245 2458; x_wconf 88' lang='lat' dir='ltr'>Cassius</span> <span class='ocrx_word' id='word_1_226' title='bbox 1265 2385 1385 2458; x_wconf 81' lang='lat' dir='ltr'>Felix·</span> <span class='ocrx_word' id='word_1_227' title='bbox 1404 2399 1520 2458; x_wconf 92' lang='lat' dir='ltr'>autern</span> <span class='ocrx_word' id='word_1_228' title='bbox 1539 2388 1724 2484; x_wconf 83' lang='lat' dir='ltr'>prooemio,</span> <span class='ocrx_word' id='word_1_229' title='bbox 1746 2388 1837 2482; x_wconf 93' lang='lat' dir='ltr'>quod</span> <span class='ocrx_word' id='word_1_230' title='bbox 1857 2389 1968 2484; x_wconf 92' lang='lat' dir='ltr'>ipsum</span> <span class='ocrx_word' id='word_1_231' title='bbox 1984 2411 2121 2482; x_wconf 88' lang='lat' dir='ltr'>queque</span> 
     </span>
     <span class='ocr_line' id='line_1_19' title="bbox 139 2500 2122 2597; baseline 0.001 -24"><span class='ocrx_word' id='word_1_232' title='bbox 139 2525 218 2573; x_wconf 92' lang='lat' dir='ltr'>curn</span> <span class='ocrx_word' id='word_1_233' title='bbox 232 2501 527 2597; x_wconf 86' lang='lat' dir='ltr'>Responsionibus</span> <span class='ocrx_word' id='word_1_234' title='bbox 545 2500 701 2573; x_wconf 85' lang='lat' dir='ltr'>conferre</span> <span class='ocrx_word' id='word_1_235' title='bbox 719 2502 826 2594; x_wconf 84' lang='lat' dir='ltr'>iuvat,</span> <span class='ocrx_word' id='word_1_236' title='bbox 851 2525 888 2573; x_wconf 90' lang='lat' dir='ltr'>sa</span> <span class='ocrx_word' id='word_1_237' title='bbox 902 2500 972 2572; x_wconf 89' lang='lat' dir='ltr'>filio</span> <span class='ocrx_word' id='word_1_238' title='bbox 1002 2525 1067 2591; x_wconf 85' lang='lat' dir='ltr'>„ex</span> <span class='ocrx_word' id='word_1_239' title='bbox 1080 2501 1212 2595; x_wconf 85' lang='lat' dir='ltr'>graecis</span> <span class='ocrx_word' id='word_1_240' title='bbox 1238 2501 1371 2597; x_wconf 87' lang='lat' dir='ltr'>logicae</span> <span class='ocrx_word' id='word_1_241' title='bbox 1399 2511 1512 2575; x_wconf 89' lang='lat' dir='ltr'>sectae</span> <span class='ocrx_word' id='word_1_242' title='bbox 1532 2503 1732 2575; x_wconf 88' lang='lat' dir='ltr'>auctoribus</span> <span class='ocrx_word' id='word_1_243' title='bbox 1760 2505 1912 2576; x_wconf 90' lang='lat' dir='ltr'>omnium</span> <span class='ocrx_word' id='word_1_244' title='bbox 1936 2527 2122 2576; x_wconf 90' lang='lat' dir='ltr'>causarum</span> 
     </span>
     <span class='ocr_line' id='line_1_20' title="bbox 139 2615 2121 2714; baseline 0.001 -26"><span class='ocrx_word' id='word_1_245' title='bbox 139 2616 306 2712; x_wconf 90' lang='lat' dir='ltr'>dogmata</span> <span class='ocrx_word' id='word_1_246' title='bbox 327 2616 362 2687; x_wconf 91' lang='lat' dir='ltr'>in</span> <span class='ocrx_word' id='word_1_247' title='bbox 383 2615 595 2711; x_wconf 84' lang='lat' dir='ltr'>breviloquio</span> <span class='ocrx_word' id='word_1_248' title='bbox 614 2615 723 2689; x_wconf 90' lang='lat' dir='ltr'>latino</span> <span class='ocrx_word' id='word_1_249' title='bbox 748 2639 906 2689; x_wconf 89' lang='lat' dir='ltr'>sermone</span> <span class='ocrx_word' id='word_1_250' title='bbox 936 2618 1197 2712; x_wconf 77' lang='lat' dir='ltr'>conscripsisse“</span> <span class='ocrx_word' id='word_1_251' title='bbox 1231 2617 1330 2690; x_wconf 88' lang='lat' dir='ltr'>decet</span> <span class='ocrx_word' id='word_1_252' title='bbox 1349 2643 1496 2713; x_wconf 81' lang='lat' dir='ltr'>euinque</span> <span class='ocrx_word' id='word_1_253' title='bbox 1515 2620 1678 2691; x_wconf 89' lang='lat' dir='ltr'>admonet</span> <span class='ocrx_word' id='word_1_254' title='bbox 1712 2643 1775 2710; x_wconf 84' lang='lat' dir='ltr'>„nc</span> <span class='ocrx_word' id='word_1_255' title='bbox 1808 2619 1890 2714; x_wconf 91' lang='lat' dir='ltr'>quid</span> <span class='ocrx_word' id='word_1_256' title='bbox 1921 2619 2010 2690; x_wconf 86' lang='lat' dir='ltr'>forte</span> <span class='ocrx_word' id='word_1_257' title='bbox 2040 2617 2121 2690; x_wconf 87' lang='lat' dir='ltr'>huic</span> 
     </span>
     <span class='ocr_line' id='line_1_21' title="bbox 138 2730 2121 2832; baseline 0 -27"><span class='ocrx_word' id='word_1_258' title='bbox 138 2731 331 2828; x_wconf 84' lang='lat' dir='ltr'>scripturae</span> <span class='ocrx_word' id='word_1_259' title='bbox 345 2731 544 2803; x_wconf 91' lang='lat' dir='ltr'>addendum</span> <span class='ocrx_word' id='word_1_260' title='bbox 560 2730 615 2803; x_wconf 89' lang='lat' dir='ltr'>vel</span> <span class='ocrx_word' id='word_1_261' title='bbox 634 2730 878 2804; x_wconf 77' lang='lat' dir='ltr'>miunendum“</span> <span class='ocrx_word' id='word_1_262' title='bbox 903 2733 1084 2804; x_wconf 85' lang='lat' dir='ltr'>existimet.</span> <span class='ocrx_word' id='word_1_263' title='bbox 1119 2731 1190 2804; x_wconf 83' lang='lat' dir='ltr'>Cur</span> <span class='ocrx_word' id='word_1_264' title='bbox 1209 2741 1335 2805; x_wconf 76' lang='lat' dir='ltr'>auctor·</span> <span class='ocrx_word' id='word_1_265' title='bbox 1352 2761 1366 2799; x_wconf 71' lang='lat' dir='ltr'>s</span> <span class='ocrx_word' id='word_1_266' title='bbox 1384 2757 1470 2828; x_wconf 88' lang='lat' dir='ltr'>quos</span> <span class='ocrx_word' id='word_1_267' title='bbox 1490 2743 1626 2807; x_wconf 88' lang='lat' dir='ltr'>secutus</span> <span class='ocrx_word' id='word_1_268' title='bbox 1644 2744 1695 2807; x_wconf 88' lang='lat' dir='ltr'>cst</span> <span class='ocrx_word' id='word_1_269' title='bbox 1711 2737 1881 2832; x_wconf 82' lang='lat' dir='ltr'>expressis</span> <span class='ocrx_word' id='word_1_270' title='bbox 1897 2733 2010 2808; x_wconf 90' lang='lat' dir='ltr'>verbis</span> <span class='ocrx_word' id='word_1_271' title='bbox 2027 2759 2121 2806; x_wconf 92' lang='lat' dir='ltr'>com·</span> 
     </span>
     <span class='ocr_line' id='line_1_22' title="bbox 137 2845 2122 2946; baseline 0.003 -27"><span class='ocrx_word' id='word_1_272' title='bbox 137 2854 308 2920; x_wconf 89' lang='lat' dir='ltr'>memorat</span> <span class='ocrx_word' id='word_1_273' title='bbox 328 2869 369 2918; x_wconf 90' lang='lat' dir='ltr'>ao</span> <span class='ocrx_word' id='word_1_274' title='bbox 397 2845 505 2917; x_wconf 89' lang='lat' dir='ltr'>filium</span> <span class='ocrx_word' id='word_1_275' title='bbox 537 2846 684 2942; x_wconf 89' lang='lat' dir='ltr'>nequid</span> <span class='ocrx_word' id='word_1_276' title='bbox 715 2845 856 2918; x_wconf 85' lang='lat' dir='ltr'>aliunde</span> <span class='ocrx_word' id='word_1_277' title='bbox 887 2847 1032 2942; x_wconf 91' lang='lat' dir='ltr'>petitum</span> <span class='ocrx_word' id='word_1_278' title='bbox 1059 2847 1165 2918; x_wconf 88' lang='lat' dir='ltr'>addat</span> <span class='ocrx_word' id='word_1_279' title='bbox 1190 2873 1277 2920; x_wconf 87' lang='lat' dir='ltr'>neve</span> <span class='ocrx_word' id='word_1_280' title='bbox 1296 2849 1456 2922; x_wconf 77' lang='lat' dir='ltr'>dtuahat</span> <span class='ocrx_word' id='word_1_281' title='bbox 1485 2852 1576 2946; x_wconf 90' lang='lat' dir='ltr'>quod</span> <span class='ocrx_word' id='word_1_282' title='bbox 1610 2850 1788 2946; x_wconf 88' lang='lat' dir='ltr'>displiceat</span> <span class='ocrx_word' id='word_1_283' title='bbox 1825 2851 2011 2924; x_wconf 85' lang='lat' dir='ltr'>hortatur?</span> <span class='ocrx_word' id='word_1_284' title='bbox 2051 2851 2122 2924; x_wconf 90' lang='lat' dir='ltr'>Po·</span> 
     </span>
     <span class='ocr_line' id='line_1_23' title="bbox 137 2961 2120 3066; baseline 0.004 -34"><span class='ocrx_word' id='word_1_285' title='bbox 137 2962 249 3032; x_wconf 90' lang='lat' dir='ltr'>tuitne</span> <span class='ocrx_word' id='word_1_286' title='bbox 277 2961 351 3034; x_wconf 90' lang='lat' dir='ltr'>lieri</span> <span class='ocrx_word' id='word_1_287' title='bbox 377 2970 414 3032; x_wconf 94' lang='lat' dir='ltr'>ut</span> <span class='ocrx_word' id='word_1_288' title='bbox 432 2962 579 3058; x_wconf 91' lang='lat' dir='ltr'>scriptor</span> <span class='ocrx_word' id='word_1_289' title='bbox 604 2961 674 3055; x_wconf 88' lang='lat' dir='ltr'>ille,</span> <span class='ocrx_word' id='word_1_290' title='bbox 701 2961 810 3034; x_wconf 86' lang='lat' dir='ltr'>Caelii</span> <span class='ocrx_word' id='word_1_291' title='bbox 842 2962 1023 3035; x_wconf 89' lang='lat' dir='ltr'>Aureliani</span> <span class='ocrx_word' id='word_1_292' title='bbox 1042 2963 1135 3057; x_wconf 82' lang='lat' dir='ltr'>civia,</span> <span class='ocrx_word' id='word_1_293' title='bbox 1164 2966 1223 3038; x_wconf 90' lang='lat' dir='ltr'>sed</span> <span class='ocrx_word' id='word_1_294' title='bbox 1253 2965 1470 3063; x_wconf 88' lang='lat' dir='ltr'>christianus,</span> <span class='ocrx_word' id='word_1_295' title='bbox 1502 2993 1603 3040; x_wconf 87' lang='lat' dir='ltr'>suurn</span> <span class='ocrx_word' id='word_1_296' title='bbox 1632 2967 1788 3040; x_wconf 90' lang='lat' dir='ltr'>libellum</span> <span class='ocrx_word' id='word_1_297' title='bbox 1821 2991 1995 3066; x_wconf 91' lang='lat' dir='ltr'>opponere</span> <span class='ocrx_word' id='word_1_298' title='bbox 2015 2967 2120 3040; x_wconf 91' lang='lat' dir='ltr'>vellet</span> 
     </span>
     <span class='ocr_line' id='line_1_24' title="bbox 137 3077 2121 3177; baseline 0.003 -28"><span class='ocrx_word' id='word_1_299' title='bbox 137 3077 444 3172; x_wconf 85' lang='lat' dir='ltr'>Responsionibus,</span> <span class='ocrx_word' id='word_1_300' title='bbox 482 3077 606 3171; x_wconf 91' lang='lat' dir='ltr'>quibus</span> <span class='ocrx_word' id='word_1_301' title='bbox 628 3077 844 3150; x_wconf 88' lang='lat' dir='ltr'>Methodieus</span> <span class='ocrx_word' id='word_1_302' title='bbox 863 3078 921 3150; x_wconf 92' lang='lat' dir='ltr'>iIIe</span> <span class='ocrx_word' id='word_1_303' title='bbox 940 3079 1105 3151; x_wconf 66' lang='lat' dir='ltr'>Siccensis</span> <span class='ocrx_word' id='word_1_304' title='bbox 1131 3081 1203 3176; x_wconf 89' lang='lat' dir='ltr'>ipse</span> <span class='ocrx_word' id='word_1_305' title='bbox 1235 3105 1371 3176; x_wconf 91' lang='lat' dir='ltr'>quoque</span> <span class='ocrx_word' id='word_1_306' title='bbox 1397 3083 1431 3154; x_wconf 91' lang='lat' dir='ltr'>id</span> <span class='ocrx_word' id='word_1_307' title='bbox 1447 3084 1516 3177; x_wconf 85' lang='lat' dir='ltr'>egit</span> <span class='ocrx_word' id='word_1_308' title='bbox 1535 3092 1572 3156; x_wconf 93' lang='lat' dir='ltr'>ut</span> <span class='ocrx_word' id='word_1_309' title='bbox 1599 3085 1750 3157; x_wconf 88' lang='lat' dir='ltr'>breviter</span> <span class='ocrx_word' id='word_1_310' title='bbox 1777 3093 1887 3157; x_wconf 91' lang='lat' dir='ltr'>totam</span> <span class='ocrx_word' id='word_1_311' title='bbox 1911 3084 2121 3156; x_wconf 91' lang='lat' dir='ltr'>medicinam</span> 
     </span>
    </p>
   </div>
   <div class='ocr_carea' id='block_1_4' title="bbox 138 3191 2121 3293">
    <p class='ocr_par' dir='ltr' id='par_1_4' title="bbox 138 3191 2121 3293">
     <span class='ocr_line' id='line_1_25' title="bbox 138 3191 2121 3293; baseline 0.003 -29"><span class='ocrx_word' id='word_1_312' title='bbox 138 3191 362 3286; x_wconf 85' lang='lat' dir='ltr'>divulgaret?</span> <span class='ocrx_word' id='word_1_313' title='bbox 391 3192 537 3264; x_wconf 88' lang='lat' dir='ltr'>necdum</span> <span class='ocrx_word' id='word_1_314' title='bbox 556 3192 660 3288; x_wconf 92' lang='lat' dir='ltr'>plane</span> <span class='ocrx_word' id='word_1_315' title='bbox 688 3194 835 3266; x_wconf 90' lang='lat' dir='ltr'>abiciam</span> <span class='ocrx_word' id='word_1_316' title='bbox 854 3193 1131 3291; x_wconf 86' lang='lat' dir='ltr'>Responsionum</span> <span class='ocrx_word' id='word_1_317' title='bbox 1151 3197 1408 3293; x_wconf 89' lang='lat' dir='ltr'>inscriptionem</span> <span class='ocrx_word' id='word_1_318' title='bbox 1443 3199 1505 3289; x_wconf 83' lang='lat' dir='ltr'>„de</span> <span class='ocrx_word' id='word_1_319' title='bbox 1533 3200 1760 3272; x_wconf 77' lang='lat' dir='ltr'>medicina.“⁷</span> <span class='ocrx_word' id='word_1_320' title='bbox 1791 3199 1948 3273; x_wconf 85' lang='lat' dir='ltr'>Cassium</span> <span class='ocrx_word' id='word_1_321' title='bbox 1968 3199 2121 3272; x_wconf 82' lang='lat' dir='ltr'>Felicem</span> 
     </span>
    </p>
   </div>
   <div class='ocr_carea' id='block_1_5' title="bbox 138 3499 2120 3672">
    <p class='ocr_par' dir='ltr' id='par_1_5' title="bbox 138 3499 2120 3672">
     <span class='ocr_line' id='line_1_26' title="bbox 273 3499 2120 3591; baseline 0.001 -27"><span class='ocrx_word' id='word_1_322' title='bbox 273 3499 587 3586; x_wconf 84' lang='lat' dir='ltr'>¹cf.ltlignePatrol</span> <span class='ocrx_word' id='word_1_323' title='bbox 624 3519 703 3588; x_wconf 85' lang='lat' dir='ltr'>patr.</span> <span class='ocrx_word' id='word_1_324' title='bbox 719 3501 771 3564; x_wconf 88' lang='lat' dir='ltr'>lat.</span> <span class='ocrx_word' id='word_1_325' title='bbox 789 3504 849 3566; x_wconf 91' lang='lat' dir='ltr'>vol.</span> <span class='ocrx_word' id='word_1_326' title='bbox 874 3503 1014 3568; x_wconf 91' lang='lat' dir='ltr'>XXXII.</span> <span class='ocrx_word' id='word_1_327' title='bbox 1032 3527 1062 3591; x_wconf 92' lang='lat' dir='ltr'>p.</span> <span class='ocrx_word' id='word_1_328' title='bbox 1087 3507 1168 3568; x_wconf 75' lang='lat'>1421</span> <span class='ocrx_word' id='word_1_329' title='bbox 1187 3527 1239 3590; x_wconf 76' lang='lat' dir='ltr'>sq3</span> <span class='ocrx_word' id='word_1_330' title='bbox 1267 3505 1358 3568; x_wconf 89' lang='lat' dir='ltr'>buius</span> <span class='ocrx_word' id='word_1_331' title='bbox 1386 3506 1453 3570; x_wconf 84' lang='lat' dir='ltr'>fere</span> <span class='ocrx_word' id='word_1_332' title='bbox 1485 3508 1594 3570; x_wconf 87' lang='lat' dir='ltr'>aetatis</span> <span class='ocrx_word' id='word_1_333' title='bbox 1627 3507 1765 3570; x_wconf 90' lang='lat' dir='ltr'>libellum</span> <span class='ocrx_word' id='word_1_334' title='bbox 1791 3506 1880 3570; x_wconf 86' lang='lat' dir='ltr'>illurn</span> <span class='ocrx_word' id='word_1_335' title='bbox 1910 3529 1976 3570; x_wconf 88' lang='lat' dir='ltr'>esse</span> <span class='ocrx_word' id='word_1_336' title='bbox 1999 3527 2049 3568; x_wconf 92' lang='lat' dir='ltr'>vv.</span> <span class='ocrx_word' id='word_1_337' title='bbox 2066 3504 2120 3568; x_wconf 72' lang='lat' dir='ltr'>ad.</span> 
     </span>
     <span class='ocr_line' id='line_1_27' title="bbox 138 3607 343 3672; baseline 0.01 -3"><span class='ocrx_word' id='word_1_338' title='bbox 138 3607 343 3672; x_wconf 89' lang='lat' dir='ltr'>consentiunt.</span> 
     </span>
    </p>
   </div>
   <div class='ocr_carea' id='block_1_6' title="bbox 135 3713 2122 5398">
    <p class='ocr_par' dir='ltr' id='par_1_6' title="bbox 271 3713 598 3778">
     <span class='ocr_line' id='line_1_28' title="bbox 271 3713 598 3778; baseline -0.003 -1"><span class='ocrx_word' id='word_1_339' title='bbox 271 3716 283 3750; x_wconf 86' lang='lat'><strong>¹</strong></span> <span class='ocrx_word' id='word_1_340' title='bbox 305 3713 343 3778; x_wconf 88' lang='lat' dir='ltr'>el.</span> <span class='ocrx_word' id='word_1_341' title='bbox 360 3714 453 3778; x_wconf 90' lang='lat' dir='ltr'>etiam</span> <span class='ocrx_word' id='word_1_342' title='bbox 470 3715 598 3778; x_wconf 87' lang='lat' dir='ltr'>exitum.</span> 
     </span>
    </p>

    <p class='ocr_par' dir='ltr' id='par_1_7' title="bbox 136 3818 2121 4326">
     <span class='ocr_line' id='line_1_29' title="bbox 273 3818 2119 3913; baseline 0.003 -30"><span class='ocrx_word' id='word_1_343' title='bbox 273 3823 284 3857; x_wconf 81' lang='lat'>³</span> <span class='ocrx_word' id='word_1_344' title='bbox 306 3818 402 3886; x_wconf 83' lang='lat' dir='ltr'>Velut</span> <span class='ocrx_word' id='word_1_345' title='bbox 418 3829 525 3886; x_wconf 89' lang='lat' dir='ltr'>auctor</span> <span class='ocrx_word' id='word_1_346' title='bbox 539 3821 620 3885; x_wconf 87' lang='lat' dir='ltr'>illius</span> <span class='ocrx_word' id='word_1_347' title='bbox 633 3821 731 3886; x_wconf 90' lang='lat' dir='ltr'>libelli</span> <span class='ocrx_word' id='word_1_348' title='bbox 744 3821 889 3906; x_wconf 87' lang='lat' dir='ltr'>exempla</span> <span class='ocrx_word' id='word_1_349' title='bbox 906 3820 955 3884; x_wconf 89' lang='lat' dir='ltr'>hic</span> <span class='ocrx_word' id='word_1_350' title='bbox 973 3821 1034 3885; x_wconf 90' lang='lat' dir='ltr'>illic</span> <span class='ocrx_word' id='word_1_351' title='bbox 1051 3843 1090 3885; x_wconf 85' lang='lat' dir='ltr'>ex</span> <span class='ocrx_word' id='word_1_352' title='bbox 1106 3831 1171 3886; x_wconf 87' lang='lat' dir='ltr'>arte</span> <span class='ocrx_word' id='word_1_353' title='bbox 1188 3821 1310 3886; x_wconf 89' lang='lat' dir='ltr'>medica</span> <span class='ocrx_word' id='word_1_354' title='bbox 1325 3826 1476 3911; x_wconf 86' lang='lat' dir='ltr'>sumpsit;</span> <span class='ocrx_word' id='word_1_355' title='bbox 1504 3824 1616 3890; x_wconf 92' lang='lat' dir='ltr'>deinde</span> <span class='ocrx_word' id='word_1_356' title='bbox 1632 3843 1794 3890; x_wconf 86' lang='lat' dir='ltr'>occurrunt</span> <span class='ocrx_word' id='word_1_357' title='bbox 1810 3827 1914 3913; x_wconf 91' lang='lat' dir='ltr'>qualia</span> <span class='ocrx_word' id='word_1_358' title='bbox 1928 3826 2013 3912; x_wconf 90' lang='lat' dir='ltr'>apud</span> <span class='ocrx_word' id='word_1_359' title='bbox 2024 3824 2059 3890; x_wconf 83' lang='lat' dir='ltr'>(l.</span> <span class='ocrx_word' id='word_1_360' title='bbox 2076 3824 2119 3890; x_wconf 93' lang='lat' dir='ltr'>A.</span> 
     </span>
     <span class='ocr_line' id='line_1_30' title="bbox 137 3925 2119 4014; baseline 0.003 -27"><span class='ocrx_word' id='word_1_361' title='bbox 137 3925 419 4010; x_wconf 87' lang='lat' dir='ltr'>saepissimelegas</span> <span class='ocrx_word' id='word_1_362' title='bbox 435 3927 530 3992; x_wconf 90' lang='lat' dir='ltr'>talia:</span> <span class='ocrx_word' id='word_1_363' title='bbox 558 3935 705 4010; x_wconf 88' lang='lat' dir='ltr'>asserent,</span> <span class='ocrx_word' id='word_1_364' title='bbox 720 3928 916 3992; x_wconf 85' lang='lat' dir='ltr'>advertentes</span> <span class='ocrx_word' id='word_1_365' title='bbox 944 3927 1025 4012; x_wconf 88' lang='lat' dir='ltr'>(post</span> <span class='ocrx_word' id='word_1_366' title='bbox 1061 3951 1140 4014; x_wconf 90' lang='lat' dir='ltr'>quae</span> <span class='ocrx_word' id='word_1_367' title='bbox 1157 3937 1260 3994; x_wconf 86' lang='lat' dir='ltr'>tamen</span> <span class='ocrx_word' id='word_1_368' title='bbox 1276 3939 1382 3995; x_wconf 89' lang='lat' dir='ltr'>auctor</span> <span class='ocrx_word' id='word_1_369' title='bbox 1415 3932 1467 3996; x_wconf 92' lang='lat' dir='ltr'>ille</span> <span class='ocrx_word' id='word_1_370' title='bbox 1498 3939 1530 3995; x_wconf 90' lang='lat' dir='ltr'>ut</span> <span class='ocrx_word' id='word_1_371' title='bbox 1552 3933 1646 3997; x_wconf 88' lang='lat' dir='ltr'>horno</span> <span class='ocrx_word' id='word_1_372' title='bbox 1667 3955 1741 3998; x_wconf 90' lang='lat' dir='ltr'>vere</span> <span class='ocrx_word' id='word_1_373' title='bbox 1767 3933 1927 3998; x_wconf 85' lang='lat' dir='ltr'>Romanus</span> <span class='ocrx_word' id='word_1_374' title='bbox 1943 3939 1973 3996; x_wconf 89' lang='lat' dir='ltr'>et</span> <span class='ocrx_word' id='word_1_375' title='bbox 1996 3951 2119 3994; x_wconf 89' lang='lat' dir='ltr'>summo</span> 
     </span>
     <span class='ocr_line' id='line_1_31' title="bbox 136 4031 2119 4126; baseline 0.002 -31"><span class='ocrx_word' id='word_1_376' title='bbox 136 4031 208 4096; x_wconf 91' lang='lat' dir='ltr'>loco</span> <span class='ocrx_word' id='word_1_377' title='bbox 224 4034 365 4118; x_wconf 72' lang='lat' dir='ltr'>natusll)</span> <span class='ocrx_word' id='word_1_378' title='bbox 390 4055 455 4098; x_wconf 92' lang='lat' dir='ltr'>acc.</span> <span class='ocrx_word' id='word_1_379' title='bbox 476 4056 502 4098; x_wconf 91' lang='lat' dir='ltr'>c.</span> <span class='ocrx_word' id='word_1_380' title='bbox 519 4035 572 4098; x_wconf 86' lang='lat' dir='ltr'>inl.</span> <span class='ocrx_word' id='word_1_381' title='bbox 588 4036 701 4120; x_wconf 86' lang='lat' dir='ltr'>posuit,</span> <span class='ocrx_word' id='word_1_382' title='bbox 728 4057 797 4098; x_wconf 90' lang='lat' dir='ltr'>curn</span> <span class='ocrx_word' id='word_1_383' title='bbox 815 4033 850 4099; x_wconf 81' lang='grc' dir='ltr'>Ο.</span> <span class='ocrx_word' id='word_1_384' title='bbox 868 4034 908 4096; x_wconf 88' lang='lat' dir='ltr'>A.</span> <span class='ocrx_word' id='word_1_385' title='bbox 926 4035 1190 4100; x_wconf 83' lang='lat' dir='ltr'>coniunctIonibur</span> <span class='ocrx_word' id='word_1_386' title='bbox 1207 4037 1287 4122; x_wconf 93' lang='lat' dir='ltr'>quod</span> <span class='ocrx_word' id='word_1_387' title='bbox 1306 4039 1378 4123; x_wconf 90' lang='lat' dir='ltr'>quia</span> <span class='ocrx_word' id='word_1_388' title='bbox 1395 4040 1551 4124; x_wconf 89' lang='lat' dir='ltr'>quomodo</span> <span class='ocrx_word' id='word_1_389' title='bbox 1568 4042 1718 4125; x_wconf 89' lang='lat' dir='ltr'>quoniam</span> <span class='ocrx_word' id='word_1_390' title='bbox 1738 4041 1834 4105; x_wconf 89' lang='lat' dir='ltr'>soleat</span> <span class='ocrx_word' id='word_1_391' title='bbox 1856 4041 1922 4125; x_wconf 79' lang='lat' dir='ltr'>uti),</span> <span class='ocrx_word' id='word_1_392' title='bbox 1947 4037 2070 4126; x_wconf 90' lang='lat' dir='ltr'>proprie</span> <span class='ocrx_word' id='word_1_393' title='bbox 2088 4045 2119 4101; x_wconf 92' lang='lat' dir='ltr'>et</span> 
     </span>
     <span class='ocr_line' id='line_1_32' title="bbox 136 4139 2121 4233; baseline 0.003 -33"><span class='ocrx_word' id='word_1_394' title='bbox 136 4139 355 4223; x_wconf 86' lang='lat' dir='ltr'>principaliter,</span> <span class='ocrx_word' id='word_1_395' title='bbox 389 4141 609 4206; x_wconf 88' lang='lat' dir='ltr'>adiectivorum</span> <span class='ocrx_word' id='word_1_396' title='bbox 635 4142 730 4205; x_wconf 92' lang='lat' dir='ltr'>in·ilis</span> <span class='ocrx_word' id='word_1_397' title='bbox 756 4141 881 4206; x_wconf 88' lang='lat' dir='ltr'>et-ibilis</span> <span class='ocrx_word' id='word_1_398' title='bbox 908 4142 1085 4205; x_wconf 88' lang='lat' dir='ltr'>exeuntium</span> <span class='ocrx_word' id='word_1_399' title='bbox 1116 4143 1295 4228; x_wconf 81' lang='lat' dir='ltr'>frequentia,</span> <span class='ocrx_word' id='word_1_400' title='bbox 1322 4167 1396 4208; x_wconf 91' lang='lat' dir='ltr'>usus</span> <span class='ocrx_word' id='word_1_401' title='bbox 1429 4166 1570 4230; x_wconf 86' lang='lat' dir='ltr'>proaem.</span> <span class='ocrx_word' id='word_1_402' title='bbox 1598 4147 1747 4226; x_wconf 76' lang='lat' dir='ltr'>reflexivi,</span> <span class='ocrx_word' id='word_1_403' title='bbox 1775 4169 1801 4211; x_wconf 87' lang='lat' dir='ltr'>a.</span> <span class='ocrx_word' id='word_1_404' title='bbox 1821 4169 1852 4232; x_wconf 84' lang='lat' dir='ltr'>g.</span> <span class='ocrx_word' id='word_1_405' title='bbox 1868 4146 2121 4233; x_wconf 88' lang='lat' dir='ltr'>perseveratione</span> 
     </span>
     <span class='ocr_line' id='line_1_33' title="bbox 138 4245 286 4326; baseline 0.007 -19"><span class='ocrx_word' id='word_1_406' title='bbox 138 4245 195 4326; x_wconf 89' lang='lat' dir='ltr'>sui,</span> <span class='ocrx_word' id='word_1_407' title='bbox 215 4245 286 4308; x_wconf 88' lang='lat' dir='ltr'>alia.</span> 
     </span>
    </p>

    <p class='ocr_par' dir='ltr' id='par_1_8' title="bbox 136 4351 2122 4652">
     <span class='ocr_line' id='line_1_34' title="bbox 273 4351 2118 4445; baseline 0.003 -29"><span class='ocrx_word' id='word_1_408' title='bbox 273 4357 283 4390; x_wconf 80' lang='lat'><strong>⁴</strong></span> <span class='ocrx_word' id='word_1_409' title='bbox 306 4351 420 4417; x_wconf 86' lang='lat' dir='ltr'>Mirum</span> <span class='ocrx_word' id='word_1_410' title='bbox 436 4375 528 4441; x_wconf 92' lang='lat' dir='ltr'>quam</span> <span class='ocrx_word' id='word_1_411' title='bbox 545 4354 668 4439; x_wconf 89' lang='lat' dir='ltr'>copiose</span> <span class='ocrx_word' id='word_1_412' title='bbox 684 4353 723 4417; x_wconf 92' lang='lat' dir='ltr'>de</span> <span class='ocrx_word' id='word_1_413' title='bbox 747 4352 935 4438; x_wconf 89' lang='lat' dir='ltr'>Asclepiade</span> <span class='ocrx_word' id='word_1_414' title='bbox 955 4353 986 4416; x_wconf 93' lang='lat' dir='ltr'>in</span> <span class='ocrx_word' id='word_1_415' title='bbox 1012 4354 1131 4440; x_wconf 87' lang='lat' dir='ltr'>scriptis</span> <span class='ocrx_word' id='word_1_416' title='bbox 1148 4355 1301 4420; x_wconf 81' lang='lat' dir='ltr'>Caelianis</span> <span class='ocrx_word' id='word_1_417' title='bbox 1329 4365 1456 4443; x_wconf 83' lang='lat' dir='ltr'>agatur;</span> <span class='ocrx_word' id='word_1_418' title='bbox 1483 4358 1568 4422; x_wconf 90' lang='lat' dir='ltr'>haud</span> <span class='ocrx_word' id='word_1_419' title='bbox 1598 4361 1661 4424; x_wconf 91' lang='lat' dir='ltr'>scie</span> <span class='ocrx_word' id='word_1_420' title='bbox 1677 4380 1717 4424; x_wconf 86' lang='lat' dir='ltr'>an</span> <span class='ocrx_word' id='word_1_421' title='bbox 1742 4357 1777 4424; x_wconf 82' lang='grc' dir='ltr'>Ο.</span> <span class='ocrx_word' id='word_1_422' title='bbox 1795 4358 1835 4424; x_wconf 89' lang='lat' dir='ltr'>A.</span> <span class='ocrx_word' id='word_1_423' title='bbox 1866 4360 1907 4424; x_wconf 89' lang='lat' dir='ltr'>ad</span> <span class='ocrx_word' id='word_1_424' title='bbox 1933 4381 1970 4425; x_wconf 91' lang='lat' dir='ltr'>ea</span> <span class='ocrx_word' id='word_1_425' title='bbox 1989 4380 2069 4445; x_wconf 88' lang='lat' dir='ltr'>quae</span> <span class='ocrx_word' id='word_1_426' title='bbox 2083 4369 2118 4422; x_wconf 86' lang='lat' dir='ltr'>ut</span> 
     </span>
     <span class='ocr_line' id='line_1_35' title="bbox 136 4458 2122 4553; baseline 0.004 -31"><span class='ocrx_word' id='word_1_427' title='bbox 136 4459 276 4523; x_wconf 89' lang='lat' dir='ltr'>medicus</span> <span class='ocrx_word' id='word_1_428' title='bbox 286 4458 325 4524; x_wconf 89' lang='lat' dir='ltr'>de</span> <span class='ocrx_word' id='word_1_429' title='bbox 335 4460 388 4524; x_wconf 92' lang='lat' dir='ltr'>illo</span> <span class='ocrx_word' id='word_1_430' title='bbox 401 4459 536 4524; x_wconf 85' lang='lat' dir='ltr'>Soranus</span> <span class='ocrx_word' id='word_1_431' title='bbox 555 4473 718 4524; x_wconf 90' lang='lat' dir='ltr'>monuerat</span> <span class='ocrx_word' id='word_1_432' title='bbox 741 4481 803 4523; x_wconf 93' lang='lat' dir='ltr'>non</span> <span class='ocrx_word' id='word_1_433' title='bbox 826 4459 912 4524; x_wconf 91' lang='lat' dir='ltr'>nulla</span> <span class='ocrx_word' id='word_1_434' title='bbox 936 4459 975 4524; x_wconf 91' lang='lat' dir='ltr'>de</span> <span class='ocrx_word' id='word_1_435' title='bbox 1001 4459 1187 4547; x_wconf 89' lang='lat' dir='ltr'>philosophe</span> <span class='ocrx_word' id='word_1_436' title='bbox 1215 4463 1360 4527; x_wconf 89' lang='lat' dir='ltr'>adiecerit</span> <span class='ocrx_word' id='word_1_437' title='bbox 1391 4473 1423 4527; x_wconf 87' lang='lat' dir='ltr'>ut</span> <span class='ocrx_word' id='word_1_438' title='bbox 1454 4464 1692 4551; x_wconf 89' lang='lat' dir='ltr'>disputationem</span> <span class='ocrx_word' id='word_1_439' title='bbox 1720 4467 1818 4548; x_wconf 86' lang='lat' dir='ltr'>illam,</span> <span class='ocrx_word' id='word_1_440' title='bbox 1851 4473 1946 4553; x_wconf 91' lang='lat' dir='ltr'>caput</span> <span class='ocrx_word' id='word_1_441' title='bbox 1974 4467 2052 4531; x_wconf 92' lang='lat' dir='ltr'>illud</span> <span class='ocrx_word' id='word_1_442' title='bbox 2078 4466 2122 4530; x_wconf 88' lang='lat' dir='ltr'>de</span> 
     </span>
     <span class='ocr_line' id='line_1_36' title="bbox 136 4563 1173 4652; baseline 0.003 -25"><span class='ocrx_word' id='word_1_443' title='bbox 136 4564 285 4650; x_wconf 84' lang='lat' dir='ltr'>dogmata</span> <span class='ocrx_word' id='word_1_444' title='bbox 300 4563 496 4652; x_wconf 85' lang='lat' dir='ltr'>Asclepiadis</span> <span class='ocrx_word' id='word_1_445' title='bbox 511 4565 573 4649; x_wconf 88' lang='lat' dir='ltr'>(ed.</span> <span class='ocrx_word' id='word_1_446' title='bbox 591 4565 696 4629; x_wconf 87' lang='lat' dir='ltr'>Arum.</span> <span class='ocrx_word' id='word_1_447' title='bbox 714 4567 771 4630; x_wconf 90' lang='lat' dir='ltr'>cel.</span> <span class='ocrx_word' id='word_1_448' title='bbox 788 4566 841 4630; x_wconf 92' lang='lat' dir='ltr'>Iib.</span> <span class='ocrx_word' id='word_1_449' title='bbox 858 4565 884 4629; x_wconf 93' lang='lat' dir='ltr'>I.</span> <span class='ocrx_word' id='word_1_450' title='bbox 901 4587 968 4652; x_wconf 87' lang='lat' dir='ltr'>cap.</span> <span class='ocrx_word' id='word_1_451' title='bbox 985 4565 1089 4652; x_wconf 86' lang='lat' dir='ltr'>XVI),</span> <span class='ocrx_word' id='word_1_452' title='bbox 1104 4568 1173 4632; x_wconf 90' lang='lat' dir='ltr'>alia.</span> 
     </span>
    </p>

    <p class='ocr_par' dir='ltr' id='par_1_9' title="bbox 135 4670 2120 4972">
     <span class='ocr_line' id='line_1_37' title="bbox 272 4670 2120 4760; baseline 0.001 -22"><span class='ocrx_word' id='word_1_453' title='bbox 272 4673 343 4738; x_wconf 74' lang='lat' dir='ltr'>&#39;ei</span> <span class='ocrx_word' id='word_1_454' title='bbox 361 4673 525 4759; x_wconf 81' lang='lat' dir='ltr'>Sitzgsber.</span> <span class='ocrx_word' id='word_1_455' title='bbox 553 4672 608 4737; x_wconf 91' lang='lat' dir='ltr'>der</span> <span class='ocrx_word' id='word_1_456' title='bbox 621 4673 686 4758; x_wconf 78' lang='lat' dir='ltr'>kgr.</span> <span class='ocrx_word' id='word_1_457' title='bbox 703 4673 807 4758; x_wconf 84' lang='lat' dir='ltr'>bayer.</span> <span class='ocrx_word' id='word_1_458' title='bbox 833 4671 934 4736; x_wconf 90' lang='lat' dir='ltr'>Acad.</span> <span class='ocrx_word' id='word_1_459' title='bbox 964 4670 994 4733; x_wconf 92' lang='lat' dir='ltr'>d.</span> <span class='ocrx_word' id='word_1_460' title='bbox 1019 4671 1116 4735; x_wconf 89' lang='lat' dir='ltr'>Wiss.</span> <span class='ocrx_word' id='word_1_461' title='bbox 1140 4677 1233 4757; x_wconf 81' lang='lat'>1880,</span> <span class='ocrx_word' id='word_1_462' title='bbox 1259 4675 1425 4740; x_wconf 83' lang='lat' dir='ltr'>Wellflinii</span> <span class='ocrx_word' id='word_1_463' title='bbox 1450 4676 1738 4739; x_wconf 89' lang='lat' dir='ltr'>commentationem</span> <span class='ocrx_word' id='word_1_464' title='bbox 1756 4697 1834 4760; x_wconf 89' lang='lat' dir='ltr'>quae</span> <span class='ocrx_word' id='word_1_465' title='bbox 1858 4675 2031 4740; x_wconf 87' lang='lat' dir='ltr'>inscribitur</span> <span class='ocrx_word' id='word_1_466' title='bbox 2047 4673 2120 4754; x_wconf 81' lang='lat' dir='ltr'>„die</span> 
     </span>
     <span class='ocr_line' id='line_1_38' title="bbox 135 4775 2118 4864; baseline 0.002 -23"><span class='ocrx_word' id='word_1_467' title='bbox 135 4775 287 4843; x_wconf 79' lang='lat' dir='ltr'>Latinitat</span> <span class='ocrx_word' id='word_1_468' title='bbox 302 4779 357 4844; x_wconf 89' lang='lat' dir='ltr'>des</span> <span class='ocrx_word' id='word_1_469' title='bbox 372 4778 457 4844; x_wconf 80' lang='lat' dir='ltr'>(lass.</span> <span class='ocrx_word' id='word_1_470' title='bbox 474 4779 594 4844; x_wconf 60' lang='lat' dir='ltr'>retias</span> <span class='ocrx_word' id='word_1_471' title='bbox 613 4779 651 4844; x_wconf 87' lang='lat' dir='ltr'>cl.</span> <span class='ocrx_word' id='word_1_472' title='bbox 668 4780 760 4843; x_wconf 90' lang='lat' dir='ltr'>ctiam</span> <span class='ocrx_word' id='word_1_473' title='bbox 777 4779 861 4843; x_wconf 91' lang='lat' dir='ltr'>Rese</span> <span class='ocrx_word' id='word_1_474' title='bbox 881 4778 975 4864; x_wconf 85' lang='lat' dir='ltr'>praef.</span> <span class='ocrx_word' id='word_1_475' title='bbox 994 4778 1043 4843; x_wconf 88' lang='lat' dir='ltr'>ad.</span> <span class='ocrx_word' id='word_1_476' title='bbox 1060 4779 1145 4844; x_wconf 84' lang='lat' dir='ltr'>Cass.</span> <span class='ocrx_word' id='word_1_477' title='bbox 1162 4779 1229 4846; x_wconf 84' lang='lat' dir='ltr'>Fal.</span> <span class='ocrx_word' id='word_1_478' title='bbox 1254 4780 1304 4845; x_wconf 93' lang='lat' dir='ltr'>De</span> <span class='ocrx_word' id='word_1_479' title='bbox 1318 4781 1481 4846; x_wconf 89' lang='lat' dir='ltr'>Medicina.</span> <span class='ocrx_word' id='word_1_480' title='bbox 1511 4782 1594 4846; x_wconf 83' lang='lat' dir='ltr'>Itese</span> <span class='ocrx_word' id='word_1_481' title='bbox 1616 4789 1719 4845; x_wconf 89' lang='lat' dir='ltr'>tamen</span> <span class='ocrx_word' id='word_1_482' title='bbox 1746 4780 1886 4846; x_wconf 84' lang='lat' dir='ltr'>Caelium</span> <span class='ocrx_word' id='word_1_483' title='bbox 1909 4780 2118 4847; x_wconf 85' lang='lat' dir='ltr'>Aurelianum</span> 
     </span>
     <span class='ocr_line' id='line_1_39' title="bbox 136 4884 1016 4972; baseline -0.001 -24"><span class='ocrx_word' id='word_1_484' title='bbox 136 4895 207 4970; x_wconf 90' lang='lat' dir='ltr'>pest</span> <span class='ocrx_word' id='word_1_485' title='bbox 222 4884 363 4950; x_wconf 82' lang='lat' dir='ltr'>Cassium</span> <span class='ocrx_word' id='word_1_486' title='bbox 379 4885 512 4950; x_wconf 80' lang='lat' dir='ltr'>Felicem</span> <span class='ocrx_word' id='word_1_487' title='bbox 528 4886 621 4951; x_wconf 84' lang='lat' dir='ltr'>luisse</span> <span class='ocrx_word' id='word_1_488' title='bbox 640 4887 755 4950; x_wconf 89' lang='lat' dir='ltr'>statuit.</span> <span class='ocrx_word' id='word_1_489' title='bbox 773 4886 810 4952; x_wconf 85' lang='lat' dir='ltr'>cf.</span> <span class='ocrx_word' id='word_1_490' title='bbox 828 4907 922 4972; x_wconf 88' lang='lat' dir='ltr'>supra</span> <span class='ocrx_word' id='word_1_491' title='bbox 938 4908 968 4972; x_wconf 89' lang='lat' dir='ltr'>p.</span> <span class='ocrx_word' id='word_1_492' title='bbox 987 4887 1016 4948; x_wconf 87' lang='lat'>9.</span> 
     </span>
    </p>

    <p class='ocr_par' dir='ltr' id='par_1_10' title="bbox 136 4992 2120 5293">
     <span class='ocr_line' id='line_1_40' title="bbox 272 4992 2120 5082; baseline 0.002 -26"><span class='ocrx_word' id='word_1_493' title='bbox 272 4997 283 5030; x_wconf 81' lang='lat'>⁸</span> <span class='ocrx_word' id='word_1_494' title='bbox 307 4992 431 5056; x_wconf 83' lang='lat' dir='ltr'>Cassius</span> <span class='ocrx_word' id='word_1_495' title='bbox 446 4992 537 5057; x_wconf 82' lang='lat' dir='ltr'>Felix</span> <span class='ocrx_word' id='word_1_496' title='bbox 562 4992 801 5079; x_wconf 77' lang='lat' dir='ltr'>„omnipotentis</span> <span class='ocrx_word' id='word_1_497' title='bbox 817 4992 866 5057; x_wconf 90' lang='lat' dir='ltr'>dei</span> <span class='ocrx_word' id='word_1_498' title='bbox 889 5000 985 5058; x_wconf 86' lang='lat' dir='ltr'>nutu“</span> <span class='ocrx_word' id='word_1_499' title='bbox 1007 4993 1141 5057; x_wconf 89' lang='lat' dir='ltr'>monitus</span> <span class='ocrx_word' id='word_1_500' title='bbox 1165 4994 1307 5058; x_wconf 78' lang='lat' dir='ltr'>libellum</span> <span class='ocrx_word' id='word_1_501' title='bbox 1323 4994 1361 5059; x_wconf 88' lang='lat' dir='ltr'>da</span> <span class='ocrx_word' id='word_1_502' title='bbox 1378 4995 1531 5060; x_wconf 87' lang='lat' dir='ltr'>medicina</span> <span class='ocrx_word' id='word_1_503' title='bbox 1558 4995 1755 5060; x_wconf 90' lang='lat' dir='ltr'>scribendum</span> <span class='ocrx_word' id='word_1_504' title='bbox 1771 4995 1921 5082; x_wconf 82' lang='lat' dir='ltr'>suscepit3</span> <span class='ocrx_word' id='word_1_505' title='bbox 1953 4995 2083 5060; x_wconf 86' lang='lat' dir='ltr'>fortasse</span> <span class='ocrx_word' id='word_1_506' title='bbox 2098 5017 2120 5059; x_wconf 90' lang='lat' dir='ltr'>a</span> 
     </span>
     <span class='ocr_line' id='line_1_41' title="bbox 136 5097 2117 5187; baseline 0.002 -25"><span class='ocrx_word' id='word_1_507' title='bbox 136 5097 279 5183; x_wconf 82' lang='lat' dir='ltr'>graviore</span> <span class='ocrx_word' id='word_1_508' title='bbox 297 5098 407 5164; x_wconf 90' lang='lat' dir='ltr'>morbo</span> <span class='ocrx_word' id='word_1_509' title='bbox 422 5099 570 5164; x_wconf 90' lang='lat' dir='ltr'>liberatus</span> <span class='ocrx_word' id='word_1_510' title='bbox 593 5100 755 5164; x_wconf 88' lang='lat' dir='ltr'>sanitatem</span> <span class='ocrx_word' id='word_1_511' title='bbox 779 5109 1016 5186; x_wconf 88' lang='lat' dir='ltr'>recuperaverat</span> <span class='ocrx_word' id='word_1_512' title='bbox 1037 5122 1131 5186; x_wconf 89' lang='lat' dir='ltr'>opera</span> <span class='ocrx_word' id='word_1_513' title='bbox 1146 5100 1256 5165; x_wconf 86' lang='lat' dir='ltr'>medici</span> <span class='ocrx_word' id='word_1_514' title='bbox 1285 5109 1385 5164; x_wconf 58' lang='lat' dir='ltr'>sectae</span> <span class='ocrx_word' id='word_1_515' title='bbox 1405 5103 1522 5187; x_wconf 87' lang='lat' dir='ltr'>logicae</span> <span class='ocrx_word' id='word_1_516' title='bbox 1543 5108 1609 5166; x_wconf 90' lang='lat' dir='ltr'>tum</span> <span class='ocrx_word' id='word_1_517' title='bbox 1637 5123 1707 5166; x_wconf 93' lang='lat' dir='ltr'>cum</span> <span class='ocrx_word' id='word_1_518' title='bbox 1737 5101 1860 5186; x_wconf 91' lang='lat' dir='ltr'>plurimi</span> <span class='ocrx_word' id='word_1_519' title='bbox 1880 5100 1991 5165; x_wconf 92' lang='lat' dir='ltr'>medici</span> <span class='ocrx_word' id='word_1_520' title='bbox 2017 5109 2117 5168; x_wconf 88' lang='lat' dir='ltr'>artem</span> 
     </span>
     <span class='ocr_line' id='line_1_42' title="bbox 136 5203 1307 5293; baseline -0.001 -23"><span class='ocrx_word' id='word_1_521' title='bbox 136 5225 178 5270; x_wconf 86' lang='lat' dir='ltr'>ex</span> <span class='ocrx_word' id='word_1_522' title='bbox 192 5203 438 5271; x_wconf 86' lang='lat' dir='ltr'>lletbodicorum</span> <span class='ocrx_word' id='word_1_523' title='bbox 455 5205 573 5270; x_wconf 90' lang='lat' dir='ltr'>ratione</span> <span class='ocrx_word' id='word_1_524' title='bbox 592 5226 684 5293; x_wconf 92' lang='lat' dir='ltr'>quam</span> <span class='ocrx_word' id='word_1_525' title='bbox 703 5204 738 5272; x_wconf 85' lang='lat' dir='ltr'>C.</span> <span class='ocrx_word' id='word_1_526' title='bbox 753 5205 794 5269; x_wconf 92' lang='lat' dir='ltr'>A.</span> <span class='ocrx_word' id='word_1_527' title='bbox 811 5206 898 5290; x_wconf 91' lang='lat' dir='ltr'>quasi</span> <span class='ocrx_word' id='word_1_528' title='bbox 913 5207 1090 5271; x_wconf 91' lang='lat' dir='ltr'>restituerat</span> <span class='ocrx_word' id='word_1_529' title='bbox 1112 5207 1282 5272; x_wconf 69' lang='lat' dir='ltr'>exercebas</span> <span class='ocrx_word' id='word_1_530' title='bbox 1301 5257 1307 5269; x_wconf 96' lang='lat'>.</span> 
     </span>
    </p>

    <p class='ocr_par' dir='ltr' id='par_1_11' title="bbox 271 5311 1813 5398">
     <span class='ocr_line' id='line_1_43' title="bbox 271 5311 1813 5398; baseline 0.001 -22"><span class='ocrx_word' id='word_1_531' title='bbox 271 5315 284 5352; x_wconf 65' lang='lat'>²</span> <span class='ocrx_word' id='word_1_532' title='bbox 306 5313 344 5376; x_wconf 86' lang='lat' dir='ltr'>cl.</span> <span class='ocrx_word' id='word_1_533' title='bbox 361 5311 440 5376; x_wconf 87' lang='lat' dir='ltr'>infra</span> <span class='ocrx_word' id='word_1_534' title='bbox 455 5312 486 5375; x_wconf 93' lang='lat' dir='ltr'>in</span> <span class='ocrx_word' id='word_1_535' title='bbox 503 5313 636 5396; x_wconf 87' lang='lat' dir='ltr'>testim.;</span> <span class='ocrx_word' id='word_1_536' title='bbox 659 5333 692 5377; x_wconf 89' lang='lat' dir='ltr'>so</span> <span class='ocrx_word' id='word_1_537' title='bbox 707 5311 957 5398; x_wconf 87' lang='lat' dir='ltr'>Responsionum</span> <span class='ocrx_word' id='word_1_538' title='bbox 974 5313 1017 5376; x_wconf 90' lang='lat' dir='ltr'>ita</span> <span class='ocrx_word' id='word_1_539' title='bbox 1038 5321 1070 5377; x_wconf 92' lang='lat' dir='ltr'>ut</span> <span class='ocrx_word' id='word_1_540' title='bbox 1090 5313 1200 5377; x_wconf 90' lang='lat' dir='ltr'>eodem</span> <span class='ocrx_word' id='word_1_541' title='bbox 1216 5315 1304 5378; x_wconf 87' lang='lat' dir='ltr'>titulo</span> <span class='ocrx_word' id='word_1_542' title='bbox 1324 5336 1394 5375; x_wconf 74' lang='lat' dir='ltr'>esus</span> <span class='ocrx_word' id='word_1_543' title='bbox 1407 5315 1445 5376; x_wconf 87' lang='lat' dir='ltr'>sit</span> <span class='ocrx_word' id='word_1_544' title='bbox 1462 5313 1548 5378; x_wconf 84' lang='lat' dir='ltr'>Cass.</span> <span class='ocrx_word' id='word_1_545' title='bbox 1566 5313 1655 5380; x_wconf 79' lang='lat' dir='ltr'>Felix</span> <span class='ocrx_word' id='word_1_546' title='bbox 1672 5336 1708 5380; x_wconf 88' lang='lat' dir='ltr'>ac</span> <span class='ocrx_word' id='word_1_547' title='bbox 1720 5313 1755 5379; x_wconf 84' lang='grc' dir='ltr'>Ο.</span> <span class='ocrx_word' id='word_1_548' title='bbox 1772 5314 1813 5378; x_wconf 88' lang='lat' dir='ltr'>A.</span> 
     </span>
    </p>
   </div>
   <div class='ocr_carea' id='block_1_7' title="bbox 0 0 2382 6088">
    <p class='ocr_par' dir='ltr' id='par_1_12' title="bbox 0 0 2382 6088">
     <span class='ocr_line' id='line_1_44' title="bbox 0 0 2382 6088; baseline 0 0"><span class='ocrx_word' id='word_1_549' title='bbox 0 0 2382 6088; x_wconf 95' lang='lat' dir='ltr'> </span> 
     </span>
    </p>
   </div>
  </div>
 </body>
</html>
  </div>
 </body>
</html>
