4756 6094
1045 381 1233 453 —33-

157 557 328 630 &herum
358 557 415 628 alii
445 557 586 650 urenda,
619 556 678 628 alii
708 556 943 666 surnerureuda
971 559 1101 650 (dmm.
1131 558 1340 652 perurendo)
1373 557 1641 656 probaverunt‘.
1662 557 1713 630 ed.
1738 559 1859 630 Arum:
1893 557 2125 652 „ieeor·oor'e“;

157 683 238 746 ante
255 673 309 766 „d
326 673 473 744 horum“
497 672 638 768 gravius
653 672 837 766 disiunxit3
865 696 930 768 ego
947 670 1200 744 intellexerim:
1231 673 1371 767 quidam
1400 683 1515 744 autem
1539 672 1783 768 probaverunt,
1817 672 1876 744 alii
1907 673 1966 767 (so.
1988 671 2126 744 illorum

158 789 388 885 quorundam)
407 787 551 882 urenda,
571 787 630 860 alii
649 787 886 884 superurendd
913 787 975 882 (sic
994 788 1071 860 fort.
1096 789 1314 861 scribendum
1333 797 1398 882 est)
1416 812 1490 861 esse
1511 789 1689 860 iecerosos.
1713 786 1870 870 „dando“
1895 787 2048 860 additum
2076 797 2134 875 est

158 919 280 977 contra
297 902 372 976 cdd.
393 927 467 1000 ppr.
485 904 743 976 auctoritatem:
765 902 825 975 eel.
842 901 900 974 lib.
917 901 979 974 IV.
998 903 1084 997 §63
1108 904 1219 999 „Item
1239 929 1305 978 ova
1318 914 1414 978 aceto
1427 913 1524 977 cocta
1545 903 1727 1000 [danda]“;
1746 904 1835 977 tard.
1852 905 1926 978 IV:
1948 905 2005 978 lib.
2022 907 2041 998 ξ
2058 911 2122 980 48τ

162 1019 281 1110 „Haeo
298 1017 488 1113 singularia
509 1018 692 1115 [douda]“;
713 1025 866 1092 ceterum
890 1045 933 1092 ex
952 1019 1232 1094 adnotationibus
1246 1021 1282 1093 in
1301 1021 1457 1116 margine
1475 1020 1526 1092 ed.
1548 1021 1664 1092 Amin.
1685 1020 1803 1115 positis
1820 1021 1980 1116 colligere
1998 1021 2126 1117 poteris

157 1159 262 1230 quom
281 1159 383 1231 saepe
399 1134 545 1209 editores
562 1137 598 1208 iu
616 1134 683 1208 hae
697 1160 833 1232 quoque
851 1135 1068 1210 relectiones
1085 1135 1161 1208 edd.
1180 1159 1254 1232 ppr.
1277 1135 1529 1232 temptaverint.

302 1251 349 1324 lis
368 1275 458 1347 quoe
476 1250 589 1324 adhue
606 1251 781 1348 disputata
799 1261 879 1324 suut
904 1253 988 1326 eatis
1006 1251 1293 1326 demonstravisse
1312 1251 1396 1324 mihi
1416 1251 1532 1324 videor
1551 1259 1681 1347 quanto
1697 1275 1799 1348 opere
1818 1251 1892 1324 edd.
1915 1277 1988 1348 ppr.
2009 1276 2126 1348 praes-

156 1376 229 1440 tent
256 1368 415 1440 omnibus
434 1391 522 1462 quae
553 1375 673 1463 postea
706 1367 817 1440 factae
836 1377 933 1462 suut;
964 1369 1055 1465 quod
1084 1377 1200 1440 utrum
1226 1367 1458 1463 imprudentia
1476 1391 1521 1439 an
1544 1368 1726 1464 prudentia
1746 1367 1916 1439 editorum
1935 1368 2064 1441 taetrum
2083 1369 2127 1440 sit

155 1527 200 1534 —
216 1507 300 1555 nam
317 1507 458 1580 perraro
476 1483 545 1556 tale
564 1483 726 1556 iudicium
759 1485 801 1556 de
830 1485 1035 1558 editionibus
1066 1485 1277 1580 principibus
1303 1484 1385 1556 ferri
1403 1492 1516 1580 potest
1546 1527 1591 1535 —
1619 1483 1703 1556 nihil
1722 1483 1845 1574 refert3
1884 1485 2127 1578 gravissimum

155 1612 272 1672 autem
304 1607 355 1672 est
387 1600 477 1694 quod
505 1595 585 1671 iude
619 1597 821 1672 concludere
853 1599 932 1673 licet
971 1600 1103 1672 codices
1132 1601 1245 1688 quitus
1275 1601 1324 1669 est
1361 1602 1438 1669 sunt
1468 1599 1646 1670 sichardus
1679 1601 1712 1668 et
1742 1599 1923 1669 auretenus
1958 1599 2041 1669 tout
2080 1600 2127 1672 tto

153 1716 328 1800 corruptos
347 1715 454 1786 tuisse
468 1717 494 1807 ¹3
529 1714 762 1809 intellegenda
779 1722 882 1810 atque
901 1716 1116 1813 explicanda,
1153 1739 1223 1788 non
1241 1715 1285 1788 ad
1321 1721 1501 1806 „auream“
1538 1714 1726 1809 derigenda
1756 1723 1807 1788 cet
1828 1715 1930 1788 huius
1950 1715 2126 1811 scriptoris

151 1833 288 1905 dicendi
304 1833 392 1904 ratio
411 1831 602 1928 peculiaris.

266 2089 273 2122 ³
299 2083 371 2148 Hoc
386 2083 488 2150 dicere
504 2084 589 2150 volui
604 2093 723 2148 textum
737 2083 826 2148 illum
841 2105 897 2171 per
912 2084 1054 2150 undecim
1079 2085 1204 2149 saecula
1218 2085 1314 2150 multo
1334 2085 1434 2164 minus
1456 2083 1593 2147 attritum
1612 2103 1678 2168 esse
1698 2104 1792 2170 quam
1811 2085 1942 2148 aliorum
1958 2085 2123 2169 eriptorum

153 2191 258 2256 libros.
276 2191 360 2257 Rose
375 2191 458 2256 idem
475 2190 597 2256 videtur
612 2191 794 2256 iudicavisse
809 2213 879 2256 oum
899 2191 1031 2257 diceret:
1052 2192 1142 2274 „dass
1157 2229 1200 2240 —-
1215 2193 1294 2256 auch
1309 2192 1370 2257 den
1389 2191 1581 2278 gedruclrten
1595 2191 1721 2256 werkcn
1740 2190 1794 2256 dee
1810 2189 1845 2255 C.
1869 2191 1910 2255 A.
1926 2192 2125 2258 verhsltniss·

77 2374 79 2378 Ι
154 2299 269 2385 massig
288 2297 359 2364 sehr
387 2307 460 2384 gule
489 2297 720 2364 houdschrifteu
749 2320 787 2362 zu
802 2297 922 2383 grunde
950 2298 1052 2384 liegcn
1085 2305 1218 2366 miissen.
1242 2301 1280 2364 el.
1297 2301 1315 2364 l.
1336 2300 1357 2363 l.
1375 2322 1404 2386 p.
1435 2301 1506 2362 177.
1527 2295 1652 2362 Vellem
1671 2299 1766 2385 paulo
1786 2299 1904 2362 cautius
1927 2298 2124 2364 iudicavisset

154 2406 286 2474 Haeser.
304 2407 338 2492 (l.
350 2407 412 2492 lp.
425 2407 488 2470 333
499 2405 574 2490 „der
590 2406 748 2490 (librigens
763 2407 1005 2492 vortreffliehen)
1019 2405 1314 2492 Handschriften“)3
1337 2407 1393 2472 sed
1408 2406 1653 2494 quibuscumque
1669 2405 1770 2469 verbis
1786 2407 1879 2471 uteris
1894 2407 1925 2470 in
1939 2406 1997 2470 hoc
2008 2405 2121 2471 iudicio

153 2514 343 2579 enuntiando
359 2513 429 2578 edd.
446 2534 513 2601 ppr.
530 2514 684 2599 primum
700 2513 828 2600 utique
843 2514 1168 2600 firmissimumque
1184 2515 1419 2580 fundamentum
1436 2524 1505 2577 oum
1521 2533 1621 2577 novae
1633 2511 1775 2577 editionis
1791 2512 1962 2577 faciendae.
