4756 6094
1175 363 1368 432 -pg-

286 537 380 602 certa
406 531 575 624 gynaecia
591 531 679 604 dixit
706 556 796 627 quae
822 541 905 605 nota
936 533 1108 606 essentiis
1138 557 1224 630 quos
1243 536 1278 606 in
1296 536 1471 632 prooemio
1496 532 1713 627 adloquitur3
1742 555 1831 626 quae
1849 533 1933 628 quin
1960 533 2114 606 Soranea
2133 534 2260 608 fuerint

282 668 383 717 nemo
410 645 545 720 dubitat
575 648 779 744 praesertim
804 673 883 722 oum
901 673 920 721 e
937 649 1011 722 cod.
1035 659 1054 726 tr
1074 647 1220 722 Sorani
1238 652 1496 747 oateperotiana
1514 657 1548 722 et
1562 647 1778 722 triacontada
1799 648 1831 720 ci
1852 655 1990 744 praesto
2016 649 2121 723 luisse
2147 651 2257 724 disca-

282 783 379 856 mus;
412 785 523 858 neque
541 787 624 836 vero
651 763 746 836 aliud
765 765 953 858 quidquam
974 789 1017 836 ex
1043 763 1109 838 hoo
1127 767 1322 840 testimonio
1341 765 1539 860 collegerim
1559 764 1623 836 nisi
1650 761 1824 836 Soranum
1844 763 1886 835 (16
1902 765 2083 858 ppuueer‘is
2097 777 2131 836 et
2147 768 2259 838 oratus

284 899 369 972 opus
387 887 420 947 et
438 878 729 973 itatemopotr‘ones
744 881 983 975 composuisse,
1014 903 1081 950 ((66
1103 882 1363 975 conparatione
1377 881 1489 976 secisse
1516 879 1807 974 iuterroputioues
1824 890 1857 950 et
1873 881 2118 976 responsiones
2139 882 2261 978 quibus

283 1001 386 1064 totum
411 990 470 1063 ille
496 993 703 1067 osodioiuom
729 995 880 1066 breviter
909 995 1125 1091 exposuisset
1140 1019 1203 1068 aec
1221 997 1442 1070 beornmodo
1465 997 1577 1070 mulas
1605 995 1755 1068 ommam
1778 993 1945 1067 librorum
1964 995 2199 1069 Soroneorom
2219 997 2260 1070 dr

287 1105 461 1182 rnedicino
488 1131 623 1204 corpus.
655 1109 874 1206 Quamquam
894 1109 1006 1182 facere
1024 1135 1095 1184 non
1113 1135 1252 1208 possum
1270 1112 1353 1206 quin
1364 1111 1529 1185 confitear
1547 1119 1681 1184 textum
1699 1110 1772 1184 cod.
1793 1111 2033 1205 boastigatum
2052 1123 2260 1208 auctumque

284 1223 369 1296 mihi
400 1223 509 1296 videri
529 1249 550 1296 a
574 1225 673 1298 docto
714 1225 844 1298 medico
878 1225 937 1321 qui
968 1249 1094 1300 nomen
1127 1249 1264 1321 quoque
1294 1226 1419 1299 Sorani
1453 1227 1545 1322 quod
1577 1227 1622 1298 ad
1654 1227 1823 1321 gynaecia
1849 1249 2025 1322 apponere
2053 1229 2205 1301 maxime
2223 1230 2256 1300 in

281 1347 444 1435 promptu
477 1347 566 1414 esset
592 1341 757 1414 intulerit.
787 1341 881 1414 Nam
901 1341 1071 1415 eruetur
1091 1343 1309 1416 consentiunt
1332 1343 1368 1414 in
1396 1342 1448 1416 his
1479 1342 1632 1438 „placuit
1659 1341 1773 1434 (nobis
1787 1340 1831 1434 u)
1857 1349 1896 1414 ut
1924 1344 2258 1439 eateperotianorum

283 1455 453 1528 brevitate
469 1456 575 1529 luisse
592 1457 765 1551 secutus“‚
799 1481 889 1552 quae
919 1457 967 1530 sio
985 1457 1216 1554 intellexerim
1247 1457 1401 1554 „placuit
1432 1465 1569 1532 secutus
1600 1481 1673 1530 esse
1704 1458 1764 1549 (sc.
1784 1457 1871 1529 haec
1901 1459 2071 1552 gynaecia
2105 1483 2194 1555 quae
2223 1469 2260 1532 ut

284 1571 484 1644 obstetrices
506 1571 639 1667 possint
660 1572 828 1645 rationem
849 1573 1005 1646 lectionis
1025 1575 1111 1646 scire
1141 1573 1177 1645 in
1195 1573 1342 1646 latinum
1372 1595 1566 1646 sermonem
1588 1579 1723 1646 uertere
1752 1573 1927 1666 constitui)
1960 1575 2130 1648 brevitate
2147 1576 2259 1670 qualis

281 1686 369 1758 solet
391 1709 464 1760 esse
491 1688 849 1784 cateperotianorum“
882 1689 930 1760 ita
947 1695 985 1760 ut
1013 1688 1146 1762 Musoio
1163 1689 1222 1760 ille
1239 1697 1354 1762 certa
1374 1689 1632 1785 cataperotiana
1660 1688 1800 1760 omnino
1826 1711 1897 1760 non
1914 1688 2042 1762 diceret
2070 1691 2131 1764 sed
2151 1692 2258 1786 isqui

282 1811 402 1899 postea
419 1801 512 1875 huno
528 1811 664 1876 textum
695 1803 893 1876 emendavit
912 1805 1217 1902 „oateperotiana“
1236 1804 1376 1878 titulum
1392 1827 1466 1878 esse
1479 1811 1577 1878 ratus
1590 1804 1636 1878 ad
1652 1804 1718 1878 hoc
1734 1804 1901 1900 prooemii
1915 1806 2060 1878 verbum
2077 1806 2259 1880 conficeret

281 1918 448 1991 librorum
467 1919 589 1991 exitus.

249 2128 250 2132 Ἰ
429 2033 497 2108 Sed
516 2033 824 2130 quomodocunque
842 2058 897 2107 res
915 2058 952 2107 se
981 2033 1087 2110 habet
1105 2037 1148 2109 (16
1165 2035 1343 2108 Muscione
1360 2036 1500 2131 eiusque
1522 2033 1588 2108 fide
1605 2035 1691 2137 adeo
1709 2059 1779 2107 non
1797 2043 1933 2109 constat
1951 2079 1998 2088 -
2030 2038 2258 2134 suspicionem

283 2151 367 2223 mibi
399 2158 515 2223 moret
542 2151 631 2222 mira
651 2149 786 2222 dicendi
811 2150 998 2223 similitudo
1029 2174 1099 2247 qua
1123 2175 1202 2224 curn
1226 2151 1261 2223 in
1281 2150 1357 2224 aliis
1392 2157 1467 2222 tum
1493 2151 1529 2223 in
1558 2151 1886 2245 interrogationibus
1917 2159 1951 2224 et
1980 2153 2260 2248 responsionibus

279 2266 440 2339 Caelium
458 2265 688 2340 Aurelianum
716 2289 961 2360 recognoscere
982 2267 1081 2340 nobis
1101 2268 1344 2340 videamur-
1365 2273 1403 2339 ut
1421 2265 1534 2340 adhue
1564 2266 1637 2338 eius
1658 2267 1891 2339 testimonium
1916 2267 1953 2339 in
1973 2267 2039 2340 hac
2056 2269 2259 2364 quaestione

282 2404 360 2454 uon
379 2381 500 2476 tanti,
519 2404 564 2452 ne
581 2380 692 2453 dicam
711 2380 831 2454 nihili
850 2382 1008 2454 1661666.ί

427 2496 525 2584 Quae
542 2519 621 2568 oum
647 2496 698 2568 ita
726 2496 795 2568 sint
825 2495 982 2570 Caelium
1008 2497 1239 2570 Aurelianum
1269 2497 1376 2570 libros
1411 2497 1727 2570 Iursanoosrronun
1760 2520 1800 2572 rr
1828 2497 2087 2574 Rasrousroucn
2121 2517 2183 2572 uon
2216 2519 2257 2570 sx
2359 2539 2360 2548 .

278 2610 433 2684 similibus
467 2611 623 2682 Sorausls
653 2610 689 2682 in
711 2635 905 2684 sermonem
930 2612 1077 2686 latinum
1094 2614 1309 2684 transtulisse
1338 2613 1398 2686 sed
1423 2630 1465 2683 ax
1498 2612 1671 2684 oratoribus
1706 2613 1796 2685 tibris
1829 2613 1940 2686 macru
1970 2615 2121 2703 prtnotpts
2154 2617 2258 2704 ipsun

279 2726 492 2813 conoesstsss
509 2731 633 2798 statuo.

427 2841 653 2936 Priusquam
675 2849 759 2938 quot
789 2842 917 2915 fuerint
936 2843 1015 2916 libri
1046 2853 1236 2938 quaeratur
1265 2845 1307 2918 (16
1338 2843 1483 2939 singulis
1515 2845 1575 2939 qui
1606 2847 1821 2940 argumentis
1849 2846 2106 2941 distinguantur
2141 2847 2259 2920 dioen-

280 2957 364 3028 dum
382 2963 443 3028 est.

948 3109 977 3174 Ι.
1007 3111 1050 3182 tte
1073 3111 1325 3184 Salutartbus
1347 3109 1587 3199 Praeceptis.

430 3322 472 3396 ol.
492 3347 582 3420 quae
600 3324 737 3420 adipso
754 3323 902 3420 praelati
921 3349 1049 3397 sumus.

748 3579 792 3642 11.
818 3579 862 3649 ns
885 3579 1140 3651 dtasttcaruro
1167 3581 1387 3668 passtouuro
1416 3578 1506 3650 ttbrts
1530 3579 1791 3668 Rsspoustmuro.

430 3789 585 3862 Caelium
605 3814 684 3871 cum
700 3789 808 3863 libros
826 3789 977 3863 celerum
995 3794 1043 3885 (et
1057 3791 1250 3886 tardorum)
1270 3793 1468 3888 passionum
1486 3791 1530 3863 ad
1548 3791 1716 3865 Bellicum
1737 3793 1943 3890 discipulum
1959 3797 2112 3870 mitteret
2130 3823 2263 3896 eosque

283 3903 383 3977 utiles
393 3903 461 3999 illi,
495 3931 565 3978 non
582 3907 793 3980 necessarios
810 3907 943 3979 futuros
961 3930 1034 3980 esse
1053 3907 1182 3981 diceret
1213 3909 1295 4002 quia
1325 3907 1429 3980 haec
1450 3909 1695 3993 necessario,
1728 3909 1764 3981 in
1786 3910 1877 4005 quod
1900 3922 2014 3986 essent
2044 3915 2178 4010 posita
2195 3919 2261 4010 (66.

280 4018 364 4092 libb.
384 4020 447 4092 cel.
466 4028 500 4093 et
514 4021 601 4094 tard.
624 4045 714 4116 pass.
736 4024 957 4117 argumenta)
981 4023 1069 4118 ipso
1088 4023 1281 4096 tradente
1301 4021 1440 4118 legisset
1457 4049 1536 4097 oum
1554 4025 1599 4096 ad
1618 4049 1736 4098 ornnes
1757 4025 1863 4099 libros
1886 4027 2163 4124 Responsionum
2184 4043 2263 4105 tum

281 4134 327 4206 ad
347 4158 405 4208 eos
424 4137 482 4230 qui
500 4137 543 4210 de
569 4136 724 4210 diaetiois
751 4139 967 4234 passionibus
995 4146 1109 4212 essent
1139 4139 1347 4235 spectavisse
1373 4163 1475 4211 nemo
1500 4163 1571 4212 non
1589 4139 1682 4212 videt
1696 4154 1728 4234 3²
1756 4165 1861 4236 quam
1880 4144 1924 4215 ob
1944 4167 2017 4215 rem
2037 4145 2074 4216 in
2091 4147 2264 4243 ampliore

281 4252 526 4324 retractatione
545 4252 718 4348 legentem
753 4277 940 4349 numquam
961 4254 1007 4326 ad
1025 4253 1088 4326 hos
1114 4254 1393 4350 Responsionum
1420 4253 1526 4328 libros
1543 4269 1703 4349 revocat;
1739 4256 1799 4329 sed
1829 4264 2185 4358 praeterquamquod
2216 4291 2262 4338 ex

281 4364 437 4460 pleniore
451 4364 512 4437 illa
530 4367 751 4464 inscriptione
769 4370 825 4462 (61.
847 4377 923 4442 test.
942 4369 987 4464 l.)
1006 4369 1122 4463 colligi
1143 4378 1255 4464 potest
1273 4368 1309 4440 in
1328 4369 1624 4465 Responsionibus
1647 4372 1689 4444 dc
1712 4372 1867 4446 diaetiois
1884 4399 2020 4471 quoque
2039 4380 2264 4474 passionibus

281 4481 411 4552 dictum
431 4505 504 4553 osse
530 4481 620 4556 161161
647 4508 730 4558 6666
757 4484 886 4558 factum
906 4493 957 4558 est
983 4492 1022 4556 ut
1040 4483 1301 4580 responsionum
1328 4483 1371 4556 de
1402 4483 1455 4558 his
1484 4486 1567 4582 ipsis
1595 4487 1828 4582 fragmentum
1849 4491 1893 4562 ad
1921 4499 2077 4566 nostram
2106 4503 2261 4570 aetatem

281 4597 489 4692 perveniret,
522 4599 598 4671 dico
628 4600 776 4673 alterurn
809 4600 894 4673 illud
926 4599 1106 4694 Augiense
1120 4625 1141 4671 a
1156 4598 1202 4671 V.
1224 4599 1316 4672 Rosa
1346 4601 1563 4695 recognitum
1594 4627 1638 4674 ex
1664 4627 1733 4699 quo
1764 4629 1842 4678 cum
1860 4607 1902 4678 de
1920 4607 2079 4682 omnibus
2109 4611 2262 4685 interro·

282 4713 480 4805 gationibus
507 4717 853 4812 responsionibusque
882 4729 956 4788 tum
974 4716 1017 4788 (16
1035 4714 1161 4787 harum
1181 4715 1334 4810 ipsarum
1351 4714 1448 4789 libris
1475 4716 1654 4813 aliquanto
1672 4721 1798 4793 certius
1823 4721 1974 4796 iudicare
1991 4725 2263 4801 66111611661111.3

399 5037 405 5070 ¹
431 5033 469 5096 cs.
485 5032 569 5100 Rose
584 5035 615 5098 in
632 5035 680 5100 ed.
697 5033 795 5098 blusc.
812 5035 907 5120 praet.
924 5057 956 5122 p.
974 5033 1031 5099 IV.
1047 5043 1078 5100 et
1094 5034 1216 5099 Haeser
1231 5057 1262 5122 p.
1283 5037 1357 5100 320.

394 5196 404 5228 ¹
428 5193 466 5256 cf.
484 5191 532 5259 ed.
548 5193 655 5256 Amm.
671 5215 702 5279 p.
723 5196 749 5257 1.
766 5194 804 5258 of.
820 5195 913 5259 etiam
927 5197 958 5260 iu
973 5195 1070 5282 prael.
1087 5203 1192 5260 nostra
1207 5194 1271 5260 Sal.
1287 5195 1397 5261 Praeo.

393 5355 403 5388 ³
427 5349 575 5436 Exceptis
586 5353 747 5438 perpaucis
760 5359 793 5416 ut
803 5353 926 5420 ridetur
937 5355 1122 5443 typographi
1136 5355 1291 5421 erroribus
1302 5356 1531 5420 accuratissima
1541 5363 1588 5421 est
1599 5357 1694 5423 Rosei
1713 5359 1877 5446 descriptio
1897 5360 2016 5426 dnecd.
2032 5361 2076 5425 Il.
2086 5349 2118 5448 p.
2129 5365 2195 5429 2011
2209 5387 2260 5452 sq.
2325 5415 2329 5425 .
