4756 6094
1026 417 1217 488 „17-

129 589 209 684 gnis
261 589 498 664 confirmanda
552 591 767 688 significatio.
797 592 889 664 tibus
906 609 1010 687 atque
1028 591 1311 664 concurrentibus
1324 592 1369 663 si·
1464 590 1618 664 sentibus
1650 590 1729 687 adq.
1760 569 2042 667 concurrentibus
2059 597 2105 668 si·

130 703 225 776 Nam
255 705 497 801 diaphoreticis
537 708 649 802 magis
691 731 770 805 par·
798 707 876 803 gnis
894 707 1109 780 adfirmanda
1123 707 1328 802 significatio
1464 706 1542 800 gnis
1562 705 1680 778 firmas
1709 705 1770 779 dat
1797 706 2046 802 significatione

129 845 195 894 uus
238 829 317 917 atq,
371 824 490 897 creber
520 823 551 895 dr
593 822 772 896 imbecillis
798 826 869 896 estt'
893 823 986 896 Nam
1005 823 1213 896 diaforeticis
1231 823 1341 917 magis
1356 847 1436 919 par·
1465 819 1557 894 Nam
1588 820 1814 894 diaforeticus*
1838 825 1949 919 magis
1976 849 2056 922 par·
2119 840 2165 912 60

130 937 161 1008 dr
216 937 329 1010 inanis
393 939 513 1036 pulsus
584 938 769 1038 inuenitur,
797 938 862 1012 bus
876 947 980 1036 atque
998 940 1118 1012 creber
1135 937 1304 1011 inbecillis
1465 959 1530 1009 vus
1543 937 1621 1032 adq.
1642 937 1755 1009 oreb&
1773 945 1811 1010 ut
1826 938 2005 1014 inbecillus

127 1051 256 1125 thorax
312 1054 416 1126 etiam
470 1064 637 1149 grauatus
692 1078 770 1127 cum
797 1055 1096 1128 inanisiuvenitur
1111 1050 1253 1155 pulsus}
1466 1059 1500 1124 et
1525 1052 1647 1148 ingens
1672 1052 1791 1148 pulsus
1813 1035 1995 1128 invenitur.

130 1168 357 1263 respiratione
395 1169 577 1266 frequenti,
626 1171 656 1242 dr
700 1170 769 1242 iac·
798 1171 940 1244 Thorax
956 1171 1060 1244 etiam
1076 1179 1244 1265 gravatur
1262 1195 1340 1244 cum
1466 1166 1609 1240 Toraois
1644 1167 1749 1240 etiam
1780 1179 1948 1264 gravatur
1977 1198 2055 1248 cum

131 1284 271 1413 tatione,
314 1309 356 1358 ac
389 1285 615 1382 desponsione
653 1285 769 1381 animi,
797 1287 1022 1383 respiratione
1039 1287 1210 1382 frequenti
1235 1311 1291 1360 ac·
1466 1283 1689 1380 inspiratione
1719 1285 1891 1381 frequenti
1912 1289 1981 1362 iac-

131 1423 225 1472 vocrs
258 1401 364 1473 etiam
391 1402 569 1495 tenuitate,
604 1410 770 1475 attestan·
798 1402 931 1474 ratione
948 1402 1116 1498 positione
1141 1403 1257 1475 animi.
1467 1401 1595 1473 tatione
1613 1401 1679 1474 hac
1696 1400 1923 1496 desponsione
1949 1406 2056 1478 animi
2120 1415 2167 1487 65

130 1523 166 1643 te
206 1514 348 1611 pallore.
402 1517 509 1591 Recte
546 1525 663 1590 autem
683 1517 771 1590 suda
798 1517 891 1591 vocis
920 1518 1025 1590 etiam
1043 1519 1247 1592 tenuitatem
1261 1518 1437 1592 adtestan·
1464 1515 1559 1588 uocis
1576 1516 1677 1590 &iam
1695 1518 1871 1590 tenuitate.
1892 1519 2069 1594 adtestan-

129 1630 224 1760 tibus
263 1631 382 1728 pulsus
423 1635 578 1728 erectior,
625 1633 771 1729 respira·
799 1642 833 1706 te
851 1633 1005 1731 pallore!
1037 1633 1144 1707 Recte
1166 1643 1281 1708 autem
1310 1637 1437 1710 sudau·
1464 1640 1499 1704 te
1515 1631 1660 1727 pallore;
1680 1633 1788 1706 Recte
1800 1619 1867 1705 aut
1878 1636 1989 1709 sudau

130 1755 179 1818 tro
199 1745 353 1877 facilior,
391 1773 433 1822 ac
469 1748 579 1822 leuior
614 1748 770 1842 efficitur,
799 1751 890 1822 tibus
906 1751 1026 1848 pulsus
1043 1751 1198 1846 erectior,
1216 1753 1363 1849 respira·
1464 1747 1556 1820 tibus
1582 1748 1701 1845 pulsus
1719 1751 1863 1822 erectior
1879 1753 2026 1849 respira-

130 1863 163 1934 &
196 1887 231 1936 m
267 1887 388 1938 somno
435 1888 545 1961 prona
579 1863 770 1958 delectatio,
799 1869 847 1939 tio
874 1867 984 1941 facilis
1002 1869 1114 1962 adque
1137 1867 1247 1940 levior
1269 1868 1437 1962 efficitur,
1466 1864 1513 1935 tio
1535 1863 1645 1938 facilis
1683 1874 1752 1960 atq.
1797 1865 1907 1939 leuior
1948 1867 2103 1944 efficitur.

131 1980 164 2108 da
213 1980 332 2052 numid
383 1982 607 2054 adversorum
661 1979 772 2052 minu·
799 1983 842 2056 Iu
866 1968 1024 2057 somnum
1046 1984 1151 2056 etiam
1168 2009 1278 2081 prona
1295 1985 1438 2058 deiectio
1466 1979 1508 2052 lu
1534 2004 1654 2053 somno
1675 1981 1766 2052 euim
1786 2005 1897 2077 prona
1912 1983 2023 2056 delec-
2121 1988 2167 2061 70

129 2101 206 2224 ῒιοΙ
249 2119 327 2168 cum
382 2097 490 2169 animi
539 2105 619 2190 atq3
676 2119 750 2167 cor-
801 2110 834 2172 et
848 2101 1001 2173 omnium
1012 2101 1279 2173 diversoriorum
1290 2100 1438 2173 dimiuu-
1466 2098 1551 2169 tatio
1569 2095 1712 2169 hominfl
1739 2097 1928 2170 adversord
1953 2098 2004 2170 di-

131 2233 225 2305 porrs
239 2211 458 2284 releuatione.
799 2218 847 2290 tio
866 2243 944 2321 cum
962 2220 1077 2291 anime
1091 2227 1195 2315 atque
1209 2241 1283 2289 cor·
1467 2214 1610 2286 minutio
1637 2237 1716 2286 cum
1744 2213 1860 2285 anime
1882 2214 1960 2310 adq.
1982 2239 2055 2288 cor-

799 2336 892 2431 poris
907 2334 1125 2408 relevatione.
1466 2331 1558 2426 poris
1575 2329 1783 2402 salutatione
1805 2338 1838 2400 et
1858 2335 1952 2402 rectd

1466 2446 1627 2519 salutaris
1645 2446 1774 2518 ordine.

234 2576 287 2648 eu.
306 2576 324 2648 r
342 2575 424 2650 usa
446 2577 507 2650 001.
909 2575 994 2650 cor.
1024 2577 1067 2648 n.
1615 2569 1699 2643 coa.
1719 2573 1799 2644 an.
1819 2570 1848 2663 Ἰ

155 2709 363 2798 Quomodo
391 2710 587 2783 discerni·
640 2712 820 2800 Quomodo
848 2709 1011 2784 discernis
1036 2707 1234 2779 acardiaco
1253 2729 1346 2800 eum,
1361 2705 1541 2793 Quomodo
1577 2705 1687 2776 cernis
1714 2705 1895 2776 acardiaco
1931 2728 2010 2776 eum
2147 2720 2164 2790 Ι

129 2847 218 2898 mus
237 2827 451 2898 cardiaces
478 2827 527 2898 ab
548 2825 612 2899 his
640 2828 699 2923 qui
718 2825 939 2899 exthomachi
957 2823 1116 2920 passione
1133 2822 1330 2914 sudaverit,
1361 2822 1420 2916 qui
1438 2817 1643 2892 ex·tomachi
1663 2820 1822 2915 passione
1838 2820 1964 2893 sudau-

128 2940 263 3036 quiin
300 2940 510 3014 stomacho
546 2965 612 3037 pa:
640 2969 684 3017 ex
694 2942 1063 3037 stomachipassionem
1072 2939 1196 3012 sudare
1207 2962 1332 3034 agnos-
1361 2937 1459 3009 erint.
1487 2959 1530 3008 ex
1558 2936 1725 3008 stomachi
1751 2937 1909 3032 passione
1932 2937 2058 3008 sudau-

162 3055 290 3130 tiente
323 3056 579 3130 sudauerint.
640 3062 748 3134 cimus
772 3083 852 3132 eum
869 3059 928 3154 qui
952 3057 1024 3130 siue
1046 3056 1164 3128 dolore
1182 3054 1332 3127 eiusdem
1362 3062 1413 3125 tes
1436 3051 1484 3124 sic
1507 3051 1725 3146 agnoscimus
1746 3057 1790 3123 ed
1813 3053 1871 3147 qui
1894 3053 1967 3124 sine
1989 3051 2107 3125 dolore

131 3169 219 3268 Cap·
242 3171 402 3246 XXXV.
424 3172 475 3244 ed·
502 3171 530 3244 I·
553 3171 610 3243 f0l
640 3178 725 3250 artis
756 3176 877 3248 vexari
910 3173 1059 3246 fatetur}
1095 3172 1161 3244 hoc
1192 3178 1243 3243 est
1268 3169 1332 3241 sub
1361 3167 1511 3265 quadam
1522 3174 1637 3263 partes
1648 3167 1768 3239 vexari
1777 3167 1896 3239 fertur.
1908 3167 1973 3240 hoc
1983 3175 2034 3242 est
2043 3168 2143 3258 sub5

307 3289 439 3384 77‘sq.¹
640 3302 778 3390 pectore
822 3300 883 3363 aut
921 3291 1013 3362 inter
1053 3288 1171 3386 palas!
1219 3287 1332 3359 adtes-
1360 3293 1498 3380 pectore
1528 3291 1590 3356 aut
1621 3283 1711 3355 inter
1742 3281 1849 3378 palas,
1885 3283 1998 3356 adtes-

642 3417 736 3481 tante
752 3405 939 3503 aliquaudo
958 3404 1134 3499 singultu!
1361 3407 1457 3472 tante
1494 3399 1671 3494 aliquanto
1709 3397 1845 3493 singulo

640 3525 752 3620 adque
781 3531 960 3618 acceptum
989 3522 1104 3593 cibum
1129 3521 1332 3592 obstensura
1360 3522 1439 3610 atq3
1476 3521 1553 3610 post
1582 3516 1724 3609 acceptd
1751 3513 1831 3586 cibd
1857 3536 2016 3608 pressura

639 3641 792 3736 corporis
806 3662 885 3711 cum
903 3637 1093 3710 salibarum
1108 3635 1216 3707 fluore
1360 3629 1512 3726 corporis
1530 3653 1608 3702 cum
1625 3627 1779 3701 saliuarfl
1798 3629 1905 3700 fluore

639 3764 673 3829 et
690 3756 820 3828 uauxia
838 3763 872 3826 et
886 3753 1062 3825 vomitum.
1360 3749 1391 3820 dr
1425 3746 1592 3818 nausiard
1627 3752 1768 3816 motum.
2120 3757 2162 3828 10

128 4025 182 4088 57.
200 4039 219 4086 c
237 4031 298 4108 atq.
319 4027 445 4105 satque
461 4015 465 4106 Ι
483 4017 534 4079 59.
564 4031 604 4076 cs
627 4006 780 4074 firmanda
802 4002 983 4090 significant
1006 3999 1135 4086 (s-tur)l
1161 4001 1213 4064 60.
1230 4015 1248 4061 c
1266 3996 1348 4060 Nam
1376 3994 1560 4080 significatio
1576 4001 1607 4056 et
1631 3991 1708 4055 diaf·
1723 4009 1742 4052 Β
1758 4009 1830 4051 nam
1860 3985 2049 4072 significatur
2071 3999 2101 4050 et

127 4129 221 4200 dial-l
240 4131 389 4213 tlcatq.
407 4134 536 4208 satque
562 4137 602 4183 cs
620 4116 728 4181 creber
752 4126 817 4178 eto
842 4110 1020 4174 iubeccillus
1039 4105 1246 4172 nimbellieus
1263 4108 1268 4182 1
1287 4107 1398 4169 63-64.
1420 4120 1459 4166 οΒ
1482 4121 1544 4166 om.
1577 4095 1872 4182 Toracis-frequenti
1888 4094 1894 4169 Ι
1913 4095 1965 4158 65.
1986 4111 2026 4158 cs
2045 4099 2100 4173 act

127 4239 183 4303 67.
203 4231 441 4304 desudantibus}
454 4233 506 4296 68.
518 4247 537 4293 c
548 4221 681 4294 erectori
695 4224 746 4286 71.
759 4238 800 4286 ca
812 4217 918 4284 numid
929 4235 947 4281 c
957 4215 1118 4280 diversord
1129 4210 1134 4285 l
1147 4215 1199 4276 72.
1213 4229 1232 4275 c
1245 4211 1338 4276 animi
1350 4230 1370 4275 Β
1381 4210 1483 4274 arrimo
1499 4225 1539 4272 cs
1551 4215 1620 4293 atq3
1638 4205 1643 4278 Ι
1658 4208 1709 4268 73.
1720 4223 1741 4268 Β
1754 4214 1837 4268 recto
1849 4201 1854 4274 Ι
1868 4203 1919 4265 74.
1931 4217 1971 4264 cs
1982 4199 2101 4264 ordine.

265 4379 295 4463 *Ι
314 4381 341 4442 1.
358 4394 376 4440 c
392 4375 433 4440 ad
445 4372 587 4437 cardiaco
603 4387 623 4432 Β
640 4366 680 4430 ad
695 4385 780 4428 c·um
804 4381 899 4427 som.
926 4381 996 4424 eum
1015 4358 1020 4448 Ι
1048 4362 1078 4423 2.
1096 4379 1110 4420 s
1125 4375 1285 4456 arepertum
1312 4356 1342 4418 2.
1360 4373 1447 4418 mun.
1473 4369 1545 4415 cex
1568 4347 1719 4413 stomachi
1735 4363 1755 4410 Β
1771 4344 1844 4432 quia
1860 4353 1890 4408 et
1904 4341 2083 4406 isstomachi
2097 4339 2102 4430 Ι

130 4489 162 4550 3.
180 4503 218 4550 oa
242 4483 398 4549 sudaverit
425 4480 430 4570 Ι
458 4484 487 4545 4.
508 4475 673 4543 csudantd
701 4473 726 4535 si
747 4491 767 4536 Β
791 4469 833 4534 m
861 4471 904 4532 sic
935 4466 1130 4554 agnoscimus
1147 4483 1227 4544 eum,
1260 4471 1347 4525 recte
1375 4458 1455 4522 Dur.
1473 4455 1478 4547 Ι
1498 4459 1527 4520 5.
1549 4453 1716 4542 aquodam
1733 4469 1772 4515 cn
1789 4451 1883 4537 partis
1903 4447 1908 4538 Ι
1930 4453 1959 4514 6.
1984 4444 2101 4536 batt-1

130 4595 162 4655 7.
181 4609 219 4655 cn
235 4590 402 4678 aliquando
418 4587 554 4672 singultu
572 4583 577 4674 Ι
595 4584 636 4647 10
653 4600 673 4646 Β
689 4598 876 4643 nausearum
893 4593 933 4638 cs
950 4581 1036 4637 motu
1047 4572 1134 4635 fiunt.
1152 4569 1157 4660 Ι

264 4761 271 4796 ¹
298 4757 333 4823 O.
352 4755 391 4820 Α.
409 4757 502 4842 igitur
517 4753 656 4818 ordinem
671 4746 921 4834 Responsiouum
937 4743 968 4806 in
983 4741 1121 4828 pleniore
1133 4737 1211 4802 libro
1226 4756 1290 4800 nou
1310 4733 1480 4799 servavisse
1495 4731 1637 4812 videtur,
1653 4749 1767 4814 operae
1784 4725 1916 4812 pretium
1937 4737 1981 4787 est
1997 4721 2103 4808 paucis

127 4867 171 4930 de
185 4865 243 4929 hac
259 4887 292 4930 re
309 4865 468 4928 disserere.
495 4861 563 4925 Nisi
579 4859 700 4923 adesset
715 4855 769 4919 lib.
783 4853 840 4917 cel.
857 4849 901 4915 H.
920 4872 988 4936 cap.
1005 4845 1160 4928 XXXVI,
1189 4866 1251 4909 non
1268 4843 1481 4907 dubitaremus
1500 4839 1636 4902 iudicare
1651 4836 1732 4899 hanc
1745 4835 1849 4898 interr.
1867 4845 1896 4896 et
1909 4853 1987 4916 resp.
2005 4829 2103 4914 (Rosa

126 4975 198 5060 40.)
214 4973 244 5036 in
259 4972 365 5038 codice
382 4969 479 5035 Asuo
495 4971 564 5033 loco
591 4987 654 5030 uon
668 4964 748 5048 legi;
778 4958 987 5046 nequeenim
1015 4977 1076 5042 quo
1099 4951 1193 5018 modo
1224 4972 1295 5014 cum
1322 4948 1464 5013 cardiace
1482 4947 1625 5034 passione
1650 4943 1827 5007 cohaereret
1862 4938 2101 5022 intellegeretur.

124 5079 250 5144 accedit
265 5079 348 5164 quod
360 5077 519 5164 responsio
534 5071 743 5161 copiosissima
762 5070 841 5132 inter
856 5077 974 5130 ceteras
995 5063 1144 5128 brevitate
1163 5059 1248 5123 haud
1267 5078 1338 5122 raro
1355 5055 1553 5120 difficillimas
1570 5049 1731 5116 offensioni
1745 5068 1808 5112 uon
1823 5067 1890 5111 esse
1904 5065 1966 5109 uon
1982 5049 2103 5130 potest3

125 5195 265 5253 attamen
284 5187 358 5274 quin
374 5206 393 5249 a
408 5184 555 5270 scriptore
570 5182 637 5268 ipso
653 5179 713 5243 hoc
732 5177 802 5241 loco
822 5174 975 5239 collocata
988 5171 1027 5234 sit
1041 5170 1108 5256 quis
1137 5167 1250 5252 estqui
1270 5165 1355 5229 initio
1372 5163 1454 5227 illius
1469 5160 1578 5246 capitis
1592 5160 1673 5222 lecto
1689 5155 1833 5220 dubitet?
1858 5152 1914 5217 sed
1925 5172 2005 5236 nego
2021 5150 2103 5214 hunc

123 5293 269 5361 ordinem
285 5315 303 5357 a
322 5291 443 5357 Sorano
458 5311 583 5378 quoque
601 5285 799 5352 constitutum
815 5302 892 5346 esse.
923 5277 1047 5343 Nullius
1070 5275 1220 5340 momenti
1244 5271 1346 5337 estad
1364 5271 1445 5333 hano
1464 5267 1579 5333 ordinis
1605 5263 1820 5351 quaestionem
1851 5257 1934 5346 quod
1956 5257 2103 5322 Aurelius

123 5403 208 5468 haec
225 5401 324 5490 capite
342 5398 395 5464 111
410 5419 481 5463 oum
498 5395 635 5461 febribus
651 5391 843 5477 composuit3
872 5407 947 5451 nam
964 5405 1034 5450 erun
1053 5382 1147 5471 paulo
1167 5385 1238 5445 ante
1265 5377 1397 5463 (Darbg.
1413 5399 1444 5462 p.
1466 5377 1551 5455 491,
1570 5373 1644 5436 492.
1661 5371 1682 5433 l.
1699 5370 1735 5452 l.)
1764 5368 1803 5432 de
1819 5365 1983 5430 sudoribus
1998 5363 2102 5427 critico
