4756 6094
1039 315 1343 408 gy--m-

254 511 402 586 corpora
453 511 514 584 per
565 511 685 560 omnes
953 509 1032 558 oum
1063 487 1174 581 primo
1206 487 1316 586 pulso!
1353 511 1520 562 uenarum

257 607 393 678 viarum
441 601 630 700 particulas
954 625 1044 696 quae
1063 603 1077 630 ⁸
1096 602 1197 698 signa
1226 604 1417 699 procedunt
1454 604 1631 678 oardiaois.

256 719 495 818 apprehendit.
548 718 606 790 Fit
656 726 771 790 autem
955 715 1054 790 Haeo
1087 719 1200 814 passio
1239 719 1441 816 plerumque
1460 722 1474 750 ⁶
1493 723 1611 794 astatis

258 835 370 930 magis
421 835 561 906 aestatis
612 841 766 929 tempora
955 833 1166 926 temporibus
1200 857 1275 907 esse
1305 843 1340 908 et
1372 835 1473 908 faoife
1508 835 1569 908 dat

257 963 363 1047 atque
403 951 437 1022 in
481 949 564 1022 uiris
607 949 722 1043 potins
955 945 1089 1020 faoifius
1120 949 1231 1022 uideri
1266 949 1408 1022 aduenit
1442 952 1528 1024 haee

238 1091 364 1164 ¹quam
404 1066 441 1137 in
490 1063 699 1136 mulieribus.
745 1064 775 1133 du
820 1085 875 1132 oa·
956 1064 1068 1158 passio
1103 1065 1139 1137 in
1172 1064 1337 1138 calidiora

257 1183 337 1256 fidis
381 1189 485 1274 utque
528 1179 708 1252 iuuenibus
956 1181 1157 1274 camora&
1190 1178 1372 1252 iuuenibus

258 1297 460 1394 corporibus
510 1293 565 1368 vel
616 1293 818 1366 habitudine
957 1295 1038 1366 honi
1066 1296 1218 1391 eorporis
1256 1295 1492 1368 habitudinem

259 1413 370 1510 plenis
421 1413 452 1482 dr
502 1410 660 1483 exercitis
711 1419 772 1481 otc.
957 1420 1039 1506 etqs.

307 1543 413 1642 poulo
440 1544 538 1637 infra
559 1567 595 1638 p.
620 1541 677 1615 73¹
703 1540 852 1638 Iupiter:
1412 1543 1484 1616 cod.
1514 1543 1585 1616 An.
1608 1543 1669 1635 sol.
1694 1541 1779 1616 29¹:

260 1665 311 1736 At
339 1683 422 1732 varo
447 1660 477 1731 si
505 1659 572 1730 iam
607 1657 711 1729 fuerit
737 1678 901 1752 praesens
955 1656 1014 1727 ubi
1048 1665 1163 1728 autem
1195 1657 1278 1730 faeti
1307 1681 1380 1732 esse
1415 1659 1567 1754 ceperint

259 1777 415 1872 sequitur
448 1797 571 1868 aegros
602 1771 826 1845 articulorum
955 1771 1103 1844 oardiaoi
1135 1784 1317 1868 sequentes
1354 1799 1411 1848 eos
1449 1775 1692 1866 refrigerantes

259 1891 405 1988 frigidus
422 1899 552 1984 torpor,
589 1887 776 1982 aliquando
796 1886 900 1957 etiarn
954 1911 1086 1960 summe
1119 1911 1242 1960 manus
1270 1891 1300 1960 dr
1328 1889 1446 1985 plante

258 2008 413 2082 omnium
428 2027 566 2076 urorum
587 2003 641 2074 vol
660 2025 825 2074 manuum
955 2003 1159 2098 plerumque
1183 2005 1213 2076 dr
1246 2028 1303 2078 eos
1339 2006 1455 2100 eisque

259 2133 322 2197 aut
341 2122 445 2194 totius
475 2118 638 2214 corporis,
669 2117 789 2213 pulsus
817 2117 900 2189 den·
955 2119 1160 2214 adgubitum
1194 2121 1225 2190 du
1259 2145 1373 2214 genua
1392 2119 1448 2193 uel
1477 2123 1582 2192 etiam

260 2263 330 2331 sus,
363 2235 463 2328 celer,
508 2256 636 2329 paruus
673 2232 853 2305 imbecillis
956 2259 1018 2330 per
1055 2243 1167 2306 totum
1199 2259 1323 2331 corpus
1354 2261 1441 2308 uene
1475 2236 1593 2332 pulsus
1629 2245 1680 2310 est

262 2353 375 2427 inanis
389 2353 419 2422 do
433 2349 669 2444 quasifluens:
690 2349 902 2421 inarescente
956 2349 991 2421 id
1022 2359 1073 2422 est
1106 2349 1209 2422 uelox
1244 2376 1373 2446 paruus
1408 2353 1522 2424 minus
1558 2351 1671 2425 clarus

262 2470 421 2567 passione
459 2466 563 2536 etiam
598 2464 783 2546 demersus,
825 2465 902 2536 obs-
956 2466 1069 2538 inanis
1100 2478 1134 2539 et
1166 2465 1262 2538 uelut
1298 2467 1452 2559 elenent;
1490 2469 1598 2540 Atubi
1631 2493 1730 2565 oepe-

260 2609 376 2675 ourns,
396 2579 608 2654 tremulus&
632 2579 903 2651 formioabilisdr
957 2583 1047 2676 perit
1076 2605 1228 2684 creseere
1255 2584 1368 2678 pressio
1402 2583 1543 2655 uibrans
1578 2607 1637 2656 ue·

261 2699 478 2774 inordinatus
487 2695 708 2788 aodesorons,
719 2701 904 2766 attestante
958 2719 1025 2790 que
1051 2697 1165 2769 clarus
1200 2699 1229 2768 b
1260 2723 1338 2770 omn
1377 2711 1526 2770 tremore
1558 2699 1588 2769 dr

262 2813 520 2890 halucinatione
551 2793 754 2905 desposione
788 2833 865 2882 oum
958 2811 1198 2884 formidatione
1232 2815 1261 2884 du
1295 2813 1470 2885 inoondito
1501 2814 1531 2884 a
1564 2839 1600 2885 se

261 2928 390 3023 uigiliis
415 2927 561 3022 iugibus,
582 2929 612 2997 du
631 2925 859 3020 quibusdam!
958 2927 1160 3000 subducens.
1196 2927 1359 3023 Sequitur
1387 2953 1444 3000 oos
1478 2928 1622 3000 dofeotio

263 3043 452 3139 repentinis
470 3051 574 3136 atque
591 3047 814 3113 coacervatus
959 3043 1064 3114 animi
1090 3051 1194 3136 atque
1221 3043 1421 3116 subductio}
1453 3053 1488 3116 et
1525 3067 1625 3114 num·

263 3181 327 3256 per
346 3167 456 3231 totum
473 3181 597 3252 corpus
610 3155 723 3228 sudor.
741 3167 801 3227 etr.
943 3182 1062 3252 ·quam
1102 3158 1301 3250 dorminnt3
1327 3158 1543 3246 Quibusdam
1578 3181 1697 3230 eorum

959 3274 1063 3347 sudor
1093 3275 1256 3346 seminius
1291 3297 1353 3369 per
1384 3284 1495 3345 totum
1526 3297 1650 3371 eorpus

959 3388 1104 3461 effundit
1138 3401 1198 3460 eto.

289 3525 497 3622 Syn-uuolton
518 3525 551 3596 C.
568 3524 609 3596 Α.
633 3525 730 3595 Iusto
751 3521 883 3594 Sorani
1153 3516 1231 3593 Co'd.
1252 3521 1323 3592 An.
1337 3521 1401 3615 sol.
1418 3521 1481 3592 27*
1500 3521 1583 3614 (CB.
1602 3545 1676 3618 cup.
1697 3519 1776 3594 IIII.
1804 3521 1837 3596 C.
1856 3522 1898 3594 do
1912 3521 2053 3618 spaera

352 3642 556 3713 seutentiam
570 3641 622 3714 Βία
637 3639 793 3734 definivit
805 3661 816 3708 .·
885 3733 887 3738 Ι
1181 3637 1213 3708 B
1229 3637 1271 3708 do
1288 3639 1441 3730 riuuncr')
1456 3638 1526 3710 ΑΑ.
1548 3635 1644 3712 XIII.
1667 3634 1734 3710 DII
1749 3635 1965 3712 SINANCII.
1995 3638 2025 3728 Ἰ

451 3753 723 3827 mhfflbffl

265 3873 341 3946 Nos
374 3894 454 3942 vero
487 3871 585 3942 iuxta
615 3869 740 3941 Sorani
768 3876 905 3941 senten·
1180 3865 1325 3960 difinitio
1360 3877 1476 3939 autem

267 3989 353 4060 tiam
395 3985 595 4080 synanchen
635 3983 778 4056 dicimus
819 3983 907 4055 (11111-
961 3983 1101 4054 siuanoe
1137 3993 1188 4054 est
1221 3982 1370 4056 difficilis

265 4103 431 4177 cultatem
449 4099 693 4172 transterendi
713 4107 816 4194 atque
962 4096 1144 4170 translatio
1179 4107 1213 4170 et

267 4218 557 4316 praefocationem
577 4226 716 4287 acutam
734 4216 778 4286 ob
963 4214 1149 4309 prefocatio
1184 4221 1287 4285 aeota
1319 4237 1396 4284 curn

267 4529 388 4592 fluxum
406 4546 491 4592 corr.
508 4543 547 4590 ca
559 4528 648 4591 flrrxu
664 4543 709 4590 nn
726 4547 769 4590 er
787 4531 949 4590 manantes
965 4545 1050 4589 corr.
1070 4533 1276 4588 emanantes
1295 4543 1379 4588 corr.
1396 4546 1438 4589 nu
1452 4535 1611 4592 nranentes
1627 4546 1646 4590 Β
1670 4535 1816 4591 manante
1832 4525 1837 4618 Ι
1851 4525 1879 4591 5.
1893 4545 1939 4590 aa
1952 4527 2042 4614 pulso
2058 4545 2101 4590 ea
2120 4527 2246 4612 pulsem

269 4655 354 4700 corr.
372 4647 403 4698 ot
420 4652 441 4696 v
457 4655 617 4716 areperrcr.
644 4655 672 4698 o.
689 4650 707 4696 c
724 4633 814 4718 pulso
829 4649 850 4696 Β
865 4632 972 4717 pulsus
989 4631 994 4721 Ι
1012 4635 1077 4697 5-6.
1104 4649 1122 4696 c
1141 4649 1329 4716 uenarumq3
1357 4649 1376 4694 Β
1393 4653 1542 4697 venarum
1569 4634 1652 4696 c*·*
1670 4653 1731 4696 om.
1747 4649 1768 4698 Β
1784 4633 1972 4719 praeoedant
1989 4630 1993 4721 Ι
2021 4635 2050 4695 I.
2069 4633 2247 4697 neardiaoa

148 4823 154 4826 -
269 4742 371 4828 passio
388 4757 406 4804 o
422 4742 525 4804 statim
537 4738 542 4829 Ι
560 4743 590 4804 8.
607 4755 626 4802 c
645 4759 712 4804 esse
728 4753 762 4803 ut
778 4757 797 4802 Β
813 4747 860 4802 est
890 4747 921 4802 et
937 4756 956 4802 o
975 4738 996 4802 f.
1018 4738 1103 4806 ledat
1124 4755 1144 4802 Β
1160 4737 1180 4801 1.
1198 4737 1301 4802 laedat
1316 4735 1321 4826 Ι
1340 4740 1369 4802 9.
1386 4756 1406 4802 Β
1424 4738 1548 4806 uidetur
1569 4737 1610 4802 ad
1635 4739 1740 4804 uenire
1756 4756 1775 4803 c
1794 4747 1825 4804 et
1838 4757 1901 4822 pro
1918 4739 1997 4804 bueo
2012 4737 2018 4827 Ι
2037 4741 2087 4802 12.
2106 4755 2126 4802 Β
2142 4738 2246 4804 bonae

268 4868 296 4913 o.
318 4846 507 4911 habitudinis
533 4864 552 4910 o
575 4845 759 4911 auitudiuea.
785 4843 791 4934 Ι
819 4849 869 4911 16.
896 4861 914 4908 c
936 4855 1103 4931 aequentur
1130 4864 1150 4909 Β
1168 4843 1404 4935 refrigeramus!
1434 4847 1483 4910 17.
1508 4863 1662 4934 osummp
1679 4863 1851 4909 asummus
1878 4863 1924 4908 na
1937 4866 2047 4909 manus
2064 4866 2107 4909 ea
2121 4867 2246 4909 mamus

270 4973 356 5019 corr.
374 4970 393 5017 o
408 4954 515 5041 plante
531 4972 551 5018 Β
574 4952 696 5040 plantas
713 4951 718 5041 Ι
734 4955 785 5016 18.
802 4971 867 5033 pro
883 4953 907 5016 dr
932 4973 985 5018 eos
1004 4969 1023 5016 o
1041 4970 1126 5018 eoas
1139 4971 1201 5016 om.
1219 4969 1259 5016 ca
1275 4973 1373 5039 usque
1388 4957 1393 5031 Ι
1416 4955 1455 5018 19
1478 4971 1499 5017 Β
1513 4953 1554 5017 ed
1569 4953 1642 5018 oob·
1659 4949 1664 5024 Ι
1681 4951 1734 5018 20.
1754 4969 1773 5015 c
1790 4971 1871 5040 upue
1885 4969 1905 5016 Β
1920 4950 2029 5018 Vanae
2046 4954 2050 5028 Ι
2072 4953 2125 5016 21.
2148 4951 2180 5016 id
2200 4961 2247 5016 ast

270 5075 335 5120 orn.
352 5074 380 5120 c.
398 5077 417 5124 c
435 5061 543 5125 oleusd
558 5059 711 5124 nelausus
727 5059 732 5132 Ι
747 5062 853 5123 22.οΒ
869 5060 966 5122 ueluti
982 5077 1000 5124 o
1015 5060 1093 5123 leuis
1106 5077 1127 5122 Β
1141 5059 1228 5123 leues
1244 5057 1248 5130 Ι
1266 5059 1318 5122 24.
1336 5077 1354 5122 Β
1369 5059 1453 5123 alara
1469 5057 1539 5130 sed!
1554 5060 1607 5122 25.
1622 5077 1658 5122 ca
1670 5057 1794 5122 condito
1809 5057 1984 5123 subducens
1995 5059 2000 5132 Ι
2013 5059 2096 5122 28.Β
2111 5079 2245 5144 quorum

271 5166 347 5249 (orn.
364 5171 395 5249 e)
410 5166 524 5239 sudor!
544 5169 598 5232 29.
610 5185 628 5232 c
640 5179 661 5232 t.
672 5189 714 5231 m.
727 5169 873 5233 sauinuus
888 5187 974 5233 corr.
991 5178 1015 5231 Β.
1026 5187 1069 5231 m.
1087 5167 1119 5228 r'u
1143 5164 1290 5230 seminius
1316 5166 1366 5229 oe!
1379 5165 1535 5230 sanImuus
1550 5165 1592 5250 (1)
1611 5183 1628 5228 Β
1643 5171 1690 5229 est
1701 5165 1848 5228 minimus
1862 5163 1866 5236 Ι
1880 5165 1933 5238 30,
1953 5164 2053 5229 ediff·
2069 5184 2088 5228 u
2102 5185 2134 5229 se
2151 5164 2220 5228 diff·
2238 5169 2243 5240 Ι

362 5275 392 5361 *Ι
419 5279 447 5339 1.
462 5293 499 5340 cu
523 5275 588 5340 def·
606 5283 677 5340 ante
695 5273 700 5346 Ι
716 5277 746 5339 2.
764 5293 781 5340 o
795 5293 930 5361 synamm
947 5293 965 5339 Β
985 5293 1142 5360 synunmn
1172 5269 1177 5342 Ι
1205 5273 1236 5334 4.
1254 5290 1271 5335 e
1287 5281 1376 5336 acute
1393 5269 1398 5342 I
