4756 6094
1012 375 1203 446 „43-

123 551 215 624 Nam
234 575 277 622 ex
290 549 590 646 praefatiuncula¹
621 550 720 622 htuus
738 550 923 643 fragmenti
942 549 1039 620 traria
1057 549 1229 620 docemur.
1263 552 1380 642 Atque
1406 549 1554 644 primum
1573 549 1710 643 quidem
1728 549 1770 620 de
1789 548 1942 621 diaeticis
1961 549 2093 646 passio-

122 669 222 739 nibus
254 667 530 762 Responsionum
559 663 639 738 libri
672 665 811 736 fuerunt
847 666 936 736 duo.
974 663 1130 752 Quorum
1165 665 1278 760 puriore
1310 663 1368 760 qui
1399 689 1469 736 non
1501 673 1614 737 exstat
1645 675 1764 738 auctor
1796 664 2032 760 pathologiam
2057 693 2092 736 es

122 782 315 878 therapiam
334 781 532 876 generalem
561 781 696 852 ridetur
720 781 917 853 exaravisse
947 781 1070 874 quibus
1099 779 1304 876 discipulum
1333 781 1368 851 in
1391 781 1500 876 ipsam
1526 781 1686 852 medendi
1712 789 1821 854 artem
1840 779 2092 875 introducerem

121 921 228 992 quare
246 898 319 970 reri
334 903 385 968 est
402 895 613 968 simillimum
626 895 717 968 huno
728 894 860 968 'librum
874 895 1149 990 Responsionum
1163 896 1266 968 fuisse
1285 897 1506 969 secundum
1524 897 1552 968 si
1569 895 1671 968 modo
1689 905 1781 968 recte
1799 895 1885 969 elias
1902 901 2093 968 statuemus

122 1012 337 1084 Salutaria
368 1011 600 1106 Praecepta
630 1011 701 1083 sire
723 1011 848 1082 librum
878 1011 920 1082 de
954 1009 1101 1082 sanitate
1137 1011 1265 1082 tuenda
1302 1011 1416 1082 locum
1444 1012 1591 1084 tenuisse
1618 1012 1809 1108 primum,
1843 1011 1966 1083 tertio
1988 1011 2095 1104 igitur

121 1128 217 1201 cuius
254 1129 488 1221 fragmentum
516 1135 693 1199 serratum
727 1140 777 1198 est
808 1125 1033 1198 diaeticarum
1065 1126 1264 1222 passionum
1299 1127 1447 1220 [trimum
1473 1125 1739 1220 significationes
1773 1126 1935 1223 speciales
1969 1126 2093 1199 deinde

122 1245 289 1316 omnium.
309 1242 481 1336 generalis
509 1244 640 1314 curatio
660 1243 862 1332 traduntur,
897 1241 1120 1313 confirmatur
1151 1249 1266 1312 autem
1293 1241 1378 1314 haec
1405 1243 1544 1338 partitio
1581 1267 1687 1337 quam
1715 1245 1860 1339 scriptor
1885 1244 1957 1338 ipse
1987 1243 2093 1337 signi-

122 1361 236 1432 ficarit
270 1359 369 1432 titulo
395 1359 518 1453 prioris
537 1357 727 1452 particulae
744 1356 828 1430 hoc:
864 1355 905 1428 de
931 1354 1078 1442 speciali
1102 1356 1354 1452 significatione
1374 1357 1600 1430 (liueticmunt
1615 1360 1839 1454 passionnem
1882 1357 1951 1430 alia
1968 1381 2022 1430 res
2042 1363 2095 1430 est

122 1475 157 1546 in
185 1475 373 1548 maioribus
391 1473 487 1548 libris
507 1482 540 1546 et
558 1474 648 1569 apud
668 1473 850 1546 Aurelium
871 1479 905 1544 et
924 1471 1145 1566 Escolapium
1176 1469 1234 1564 qui
1253 1471 1413 1544 dicuntur
1449 1497 1526 1544 cum
1546 1474 1605 1545 uni
1630 1474 1751 1568 cuique
1770 1473 1938 1569 passionis
1963 1471 2093 1566 signifi-

122 1590 250 1662 cationi
279 1591 409 1662 curatio
437 1590 554 1662 statim
581 1591 810 1683 subiungatur
829 1589 969 1684 propria
995 1587 1049 1658 rel
1075 1586 1289 1683 specialis²
1317 1587 1405 1660 Cum
1422 1597 1536 1660 autem
1566 1588 1669 1684 paulo
1693 1589 1882 1683 copiosius³
1908 1587 1950 1659 de
1977 1611 2094 1682 gene-

123 1705 201 1777 rali
227 1707 440 1777 curatione
475 1706 628 1776 omnium
646 1704 747 1776 diaet.
776 1727 865 1798 pass.
888 1703 1012 1775 dixerit
1045 1727 1181 1775 necesso
1209 1703 1253 1776 sit
1287 1711 1362 1776 test.
1391 1703 1444 1775 lV
1464 1705 1519 1796 (cf.
1540 1729 1644 1800 supra
1661 1729 1693 1800 p.
1715 1705 1775 1798 34)
1793 1703 1838 1776 ad
1857 1703 1949 1776 hunc
1966 1702 2093 1774 librum

123 1829 279 1916 spectare
297 1825 413 1915 puto‘
439 1819 572 1892 Deinde
591 1819 729 1892 Caelius
747 1843 815 1890 non
833 1819 875 1890 de
889 1819 1046 1890 omnibus
1064 1819 1280 1915 passionibus
1295 1820 1448 1892 diaetiois
1463 1819 1521 1892 sed
1537 1820 1579 1891 de
1603 1824 1742 1916 ,parte“
1760 1843 1805 1892 sc.
1825 1819 1867 1891 de
1882 1818 2095 1913 gravissimis

124 1935 160 2006 in
192 1935 484 2031 Responsionibus
501 1935 588 2006 dixit
606 1935 654 2006 ita
680 1945 717 2006 ut
736 1959 798 2006 uec
816 1936 980 2006 miremur
999 1935 1090 2028 quod
1116 1935 1199 2006 ordo
1227 1935 1426 2030 passionum
1444 1935 1547 2031 paulo
1566 1935 1653 2009 alius
1679 1961 1720 2008 ac
1736 1937 1771 2008 in
1789 1936 1976 2008 maioribus
1998 1934 2096 2006 libris

125 2061 176 2123 est
192 2059 225 2124 et
241 2050 482 2145 intellegamus
497 2075 557 2122 cur
574 2051 719 2146 scriptor
735 2052 771 2122 in
789 2051 1115 2144 interrogationibus
1129 2058 1163 2124 et
1182 2051 1460 2146 responsionibus
1474 2052 1699 2146 congerendis
1715 2051 1781 2124 hoc
1797 2052 1862 2124 sibi
1880 2050 2097 2147 proposuerit

125 2175 162 2238 ut
180 2176 300 2262 postea
318 2167 360 2239 de
377 2190 601 2262 unaquaque
628 2167 805 2238 medicine
824 2173 922 2262 parte
954 2167 1123 2260 copiosius
1154 2175 1273 2261 ageret
1297 2167 1398 2262 idque
1426 2191 1465 2239 eo
1492 2167 1612 2240 ordine
1632 2191 1700 2264 quo
1725 2191 1787 2264 per
1818 2167 2094 2264 Responsionum

123 2282 229 2354 libros
258 2282 412 2378 singulas
431 2283 676 2378 composuisset
686 2294 706 2352 ¹⁵.
744 2282 900 2355 Priorem
919 2290 1034 2354 autern
1063 2282 1187 2355 horum
1208 2282 1354 2354 duorum
1382 2282 1463 2354 libb.
1485 2284 1694 2378 congessisse
1718 2283 1854 2358 ridetur
1873 2307 1917 2356 ex
1935 2283 2095 2356 omnibus

123 2397 219 2470 libris
237 2397 397 2470 Soraneis
413 2421 492 2469 cum
509 2397 545 2468 iu
563 2396 672 2468 altero
690 2397 840 2468 maxime
855 2421 935 2469 usus
954 2397 998 2469 sit
1016 2396 1110 2470 libris
1130 2399 1172 2470 dc
1189 2397 1341 2470 febribus
1361 2397 1413 2492 (O.
1429 2401 1474 2470 A.
1490 2421 1523 2494 p.
1547 2403 1616 2473 153
1638 2401 1656 2492 ξ
1676 2406 1690 2472 Ἰ
1702 2401 1772 2493 77),
1798 2411 1865 2491 περὶ
1888 2403 1977 2478 ὀξέων
1994 2397 2092 2494 (gyn.

123 2513 175 2584 ed.
195 2513 364 2607 Rosel‘fl,
392 2517 448 2587 25.
478 2515 539 2606 58)
568 2525 635 2605 περὶ
658 2525 783 2607 γρονίων
814 2513 909 2605 (ibid.
927 2513 971 2584 ll.
995 2497 1054 2584 ttJ
1074 2519 1128 2586 ld.
1151 2516 1243 2606 lili.)3
1277 2513 1318 2585 cf.
1338 2513 1418 2584 ibid.
1439 2513 1485 2585 ll.
1507 2520 1550 2590 57
1591 2522 1619 2586 ἐν
1644 2535 1683 2607 τῷ
1707 2527 1774 2607 περὶ
1797 2527 1971 2610 νοσημάτων
1995 2526 2094 2604 τόπῳ;

124 2641 330 2721 θεραπευτικοὶ
352 2628 433 2700 ibid.
452 2629 480 2700 I.
501 2632 583 2722 1⁶26,
603 2628 649 2702 Π.
673 2635 704 2702 9.
2068 2653 2071 2664 ’

239 2971 340 3060 'Ego
369 2973 450 3036 hanc
476 2972 574 3059 praef.
603 2973 646 3036 sic
676 2971 741 3036 fere
763 2973 852 3058 lego:
879 2972 1033 3038 Duobus
1060 2995 1108 3039 me
1138 2975 1223 3040 libris
1250 2974 1493 3039 diaeticarurn
1520 2993 1660 3060 partem
1685 2974 1868 3039 traditurum
1898 2974 2025 3060 promisi
2054 2993 2094 3036 ex

122 3083 235 3168 quibus
250 3081 442 3167 superiore
459 3079 555 3144 libro
571 3077 761 3165 respondeus
778 3079 820 3144 de
840 3081 1042 3162 curatione,
1066 3081 1111 3146 de
1127 3081 1365 3166 passionibus
1381 3091 1415 3146 ct
1432 3083 1664 3168 temporibus
1683 3097 1717 3146 et
1736 3083 1979 3168 inspectione,
2004 3079 2096 3144 etde

123 3189 235 3276 pulsu
250 3193 285 3252 et
304 3187 346 3250 de
366 3188 533 3272 generali
559 3189 849 3273 significatione,
870 3199 900 3254 et
925 3189 967 3255 de
991 3192 1090 3278 typis
1105 3202 1135 3256 et
1151 3191 1302 3256 diatrito
1333 3190 1385 3274 (de
1402 3191 1559 3276 tritaeof),
1581 3209 1610 3255 et
1639 3190 1684 3256 de
1703 3191 1901 3254 adiutoriis
1927 3191 2035 3276 plene
2062 3195 2095 3252 ut

124 3296 258 3360 arbitror
284 3295 433 3360 ordinavi.
468 3293 572 3359 Nunc
597 3295 640 3360 de
658 3297 813 3382 speciali
837 3297 1115 3382 significatione
1139 3299 1388 3362 diaeticarum
1418 3300 1595 3384 passionum
1612 3299 1695 3362 etde
1710 3298 1879 3383 generali
1902 3296 2096 3360 curatione

122 3403 367 3489 respondeamus
383 3403 441 3486 [ut]
457 3402 515 3467 isto
531 3404 689 3467 volumine
708 3405 828 3468 omnia
852 3404 1094 3470 diaeticarum
1110 3405 1374 3492 compleantur.
1394 3405 1573 3470 —Vereor
1601 3421 1634 3468 ut
1658 3417 1740 3471 certo
1773 3405 1879 3470 ordine
1910 3403 1987 3468 haec
2020 3423 2095 3466 enu-

124 3517 299 3592 merentur3
332 3515 402 3574 sunt
425 3517 529 3574 autem
556 3531 594 3573 ea
620 3509 659 3574 de
684 3511 795 3596 quibus
820 3512 852 3575 in
878 3513 1053 3596 ,generuli“
1082 3514 1306 3578 introductione
1322 3512 1484 3576 dicendum
1504 3513 1569 3578 sitq

238 3700 247 3732 ¹
272 3694 375 3768 Quare
394 3696 541 3761 Aurelius
556 3705 586 3761 et
601 3696 783 3784 Escolapius
798 3699 971 3762 curationes
986 3719 1026 3762 ex
1045 3697 1309 3784 Responsionibus
1323 3719 1445 3762 sumere
1461 3719 1522 3762 nou
1541 3705 1693 3784 poteraut.

237 3884 247 3918 ³
271 3880 309 3944 cf.
330 3881 460 3966 πρΙθοθιι
485 3897 549 3945 not.
570 3885 597 3945 1.
615 3893 645 3946 et
662 3883 792 3962 ,latius“
812 3883 939 3969 (passim
957 3885 989 3948 in
1005 3887 1087 3970 test.)
1103 3887 1223 3950 etiamsi
1238 3887 1272 3950 fit
1288 3887 1538 3972 responsionibus
1554 3885 1625 3948 satis
1641 3884 1795 3949 brevibus.

235 4071 246 4104 ⁸
268 4065 338 4131 Nou
352 4067 475 4133 videtur
490 4089 564 4132 casu
579 4069 694 4133 factum
712 4091 777 4134 esse
796 4077 829 4133 ut
845 4091 884 4134 ex
898 4070 1148 4156 Responsionum
1164 4072 1248 4136 libris
1264 4071 1411 4134 memoria
1427 4077 1550 4134 servata
1565 4070 1603 4133 sit
1622 4069 1729 4133 trium
1747 4068 1852 4134 codice
1867 4065 2091 4132 Palas-Vatia.

122 4173 277 4238 duorum
293 4172 362 4238 cod.
383 4174 478 4260 Aug,
493 4176 602 4239 unius
617 4175 685 4240 cod.
708 4175 828 4240 Lond..
845 4176 927 4242 Nam
937 4178 1023 4241 libris
1035 4177 1131 4242 Salut.
1142 4163 1382 4264 Praeceptomni
1397 4177 1439 4262 (Ι)
1452 4185 1481 4240 et
1495 4176 1585 4241 diaet.
1597 4177 1777 4263 passionum
1787 4175 1834 4262 (ΙΙ
1846 4185 1876 4240 et
1886 4175 1950 4262 ΠΙ)
1962 4173 2098 4238 breviter

122 4303 162 4345 ea
181 4283 322 4368 exposita
346 4293 433 4347 erant
463 4281 574 4369 quibus
599 4283 677 4348 ratio
695 4281 873 4349 Methodica
900 4293 1022 4371 practer
1050 4269 1309 4352 ceteras'floreret
1333 4285 1375 4348 ita
1398 4297 1432 4348 ut
1446 4285 1468 4348 ii
1484 4293 1595 4371 postea
1612 4285 1670 4350 soli
1687 4285 1719 4348 in
1738 4305 1794 4348 usu
1810 4283 1905 4348 fuisse
1923 4284 2095 4357 videantur,

118 4386 285 4452 Nescimus
305 4389 358 4475 qui
375 4390 488 4455 fuerint
502 4397 563 4454 tres
578 4391 623 4454 illi
646 4389 716 4454 libri
731 4389 980 4478 Responsionum
997 4392 1228 4458 Medicinalium
1253 4392 1430 4456 monasterii
1454 4391 1485 4456 S.
1503 4391 1628 4456 Nazarii
1646 4391 1811 4456 Leurissae
1837 4390 1889 4475 (of.
1907 4412 1999 4478 supra
2018 4413 2048 4477 p.
2066 4391 2096 4469 i,

118 4503 154 4560 et
169 4494 345 4560 Wilmanns
359 4498 381 4560 l.
396 4498 431 4584 l.)
456 4497 512 4562 sed
535 4497 600 4562 fieri
629 4499 728 4583 potuit
756 4508 789 4562 ut
821 4497 966 4564 monaehi
994 4499 1039 4563 illi
1069 4521 1139 4564 cunr
1166 4501 1279 4582 „libros
1305 4500 1472 4564 chronion¹⁴
1505 4509 1664 4564 servarent
1696 4501 1789 4564 etiam
1820 4500 2034 4585 responsiones
2057 4499 2098 4564 de

118 4602 259 4668 diaeticis
273 4603 465 4689 passionibus
480 4603 560 4668 inter
575 4604 669 4668 libros
681 4626 754 4669 suos
767 4605 917 4671 habereut
936 4607 1000 4690 (vel
1009 4627 1099 4671 versa
1113 4609 1193 4694 nice)
1210 4627 1356 4672 unacum
1371 4605 1562 4671 Salutatibus
1579 4607 1777 4694 Praeceptis,
1800 4627 1932 4694 quorum
1947 4606 2095 4671 libromm

117 4709 260 4774 medium
286 4711 394 4797 inquo
414 4711 515 4775 miuus
539 4713 647 4796 gravia
673 4713 787 4777 tradita
802 4735 837 4778 ac
852 4714 1001 4800 principia
1020 4713 1146 4778 rationis
1170 4713 1365 4780 Methodicae
1389 4715 1530 4802 exposita
1552 4737 1619 4780 esse
1647 4715 1824 4780 viderentur
1849 4716 1997 4779 omissum
2028 4735 2097 4779 esse

116 4816 191 4880 cod.
207 4815 290 4902 Aug.
309 4818 459 4902 ostendit3
485 4818 553 4886 cod.
569 4819 670 4884 Lond.
693 4820 825 4906 denique
841 4821 908 4886 sola
927 4820 1081 4886 Salutaris
1098 4822 1271 4909 Praecepta
1300 4823 1415 4909 quippe
1442 4843 1522 4909 quae
1546 4821 1687 4888 omnibus
1717 4833 1819 4887 essent
1843 4822 1931 4886 utilia
1962 4821 2097 4886 servarit

116 4924 243 4989 omissis
258 4924 435 4990 morborum
452 4925 724 5012 significationibus
739 4949 795 4992 usu
815 4929 888 5012 (iarn
902 4929 934 4992 in
948 4928 1017 4993 cod.
1032 4927 1131 5015 Aug.)
1146 4929 1239 4994 valde
1254 4931 1364 4994 attritis
1394 4931 1524 4996 fortasse
1548 4930 1632 5018 quod
1659 4929 1807 5016 rigebant
1830 4931 1910 4994 aliae
1930 4929 1969 4994 de
1984 4929 2096 4994 eadem

115 5053 156 5095 re
172 5031 351 5118 scriptiones
367 5055 447 5120 quae
463 5035 701 5120 praestantiores
714 5035 894 5100 viderentur
905 5057 983 5101 esse.

235 5221 247 5258 ⁸
269 5218 423 5285 Maiomm
448 5221 735 5306 interpretationum
751 5223 844 5287 series
861 5222 967 5308 incipit
983 5244 1002 5285 a
1018 5222 1103 5286 libris
1118 5225 1158 5288 de
1170 5223 1319 5308 febribus
1328 5250 1341 5306 ,·
1369 5225 1578 5312 sequebantur
1595 5225 1721 5291 Celeres
1735 5226 1899 5308 passiones
1918 5225 2096 5290 Adt‘utort'u

112 5333 179 5394 etc.
202 5325 240 5390 cf.
258 5347 338 5413 quae
354 5327 448 5413 paulo
469 5328 548 5392 iufra
565 5327 703 5394 dicemus
722 5328 761 5393 de
775 5328 862 5394 libris
878 5330 1129 5396 Adt'utoriornm
1146 5331 1399 5398 Attr'utoriorum
1415 5333 1603 5417 specialium
1626 5333 1872 5419 Gynaeciornm.

2081 5461 2096 5504 o
