<?xml version="1.0" encoding="UTF-8"?>
<!DOCTYPE html PUBLIC "-//W3C//DTD XHTML 1.0 Transitional//EN"
    "http://www.w3.org/TR/xhtml1/DTD/xhtml1-transitional.dtd">
<html xmlns="http://www.w3.org/1999/xhtml" xml:lang="en" lang="en">
 <head>
  <title>
</title>
<meta http-equiv="Content-Type" content="text/html;charset=utf-8" />
  <meta name='ocr-system' content='tesseract 3.04.00' />
  <meta name='ocr-capabilities' content='ocr_page ocr_carea ocr_par ocr_line ocrx_word'/>
</head>
<body>
  <div class='ocr_page' id='page_1' title='image "./descriptiscaeli00friegoog_0028.png"; bbox 0 0 4756 6094; ppageno 0'>
   <div class='ocr_carea' id='block_1_1' title="bbox 1024 411 1216 481">
    <p class='ocr_par' dir='ltr' id='par_1_1' title="bbox 1024 411 1216 481">
     <span class='ocr_line' id='line_1_1' title="bbox 1024 411 1216 481; baseline -0.01 -21"><span class='ocrx_word' id='word_1_1' title='bbox 1024 411 1216 481; x_wconf 64' lang='lat' dir='ltr'>„pg-</span> 
     </span>
    </p>
   </div>
   <div class='ocr_carea' id='block_1_2' title="bbox 130 583 1312 1355">
    <p class='ocr_par' dir='ltr' id='par_1_2' title="bbox 130 583 1312 1145">
     <span class='ocr_line' id='line_1_2' title="bbox 133 583 1312 682; baseline -0.003 -24"><span class='ocrx_word' id='word_1_2' title='bbox 133 587 385 660; x_wconf 85' lang='lat' dir='ltr'>vehementiam</span> <span class='ocrx_word' id='word_1_3' title='bbox 425 586 568 658; x_wconf 89' lang='lat' dir='ltr'>tumoris</span> <span class='ocrx_word' id='word_1_4' title='bbox 607 585 769 681; x_wconf 83' lang='lat' dir='ltr'>saucium,</span> <span class='ocrx_word' id='word_1_5' title='bbox 825 585 980 659; x_wconf 88' lang='lat' dir='ltr'>ualitudo</span> <span class='ocrx_word' id='word_1_6' title='bbox 1015 583 1187 682; x_wconf 81' lang='lat' dir='ltr'>Impdrum</span> <span class='ocrx_word' id='word_1_7' title='bbox 1219 583 1312 656; x_wconf 86' lang='lat' dir='ltr'>cirea</span> 
     </span>
     <span class='ocr_line' id='line_1_3' title="bbox 131 699 1153 797; baseline -0.006 -20"><span class='ocrx_word' id='word_1_8' title='bbox 131 703 264 777; x_wconf 78' lang='lat' dir='ltr'>sivein</span> <span class='ocrx_word' id='word_1_9' title='bbox 290 701 374 775; x_wconf 88' lang='lat' dir='ltr'>locis</span> <span class='ocrx_word' id='word_1_10' title='bbox 402 702 527 797; x_wconf 91' lang='lat' dir='ltr'>quibus</span> <span class='ocrx_word' id='word_1_11' title='bbox 559 701 772 774; x_wconf 87' lang='lat' dir='ltr'>nutrimento</span> <span class='ocrx_word' id='word_1_12' title='bbox 825 699 1026 796; x_wconf 83' lang='lat' dir='ltr'>ingluuiem.</span> <span class='ocrx_word' id='word_1_13' title='bbox 1059 700 1153 772; x_wconf 87' lang='lat' dir='ltr'>Nam</span> 
     </span>
     <span class='ocr_line' id='line_1_4' title="bbox 130 815 1142 892; baseline -0.004 -2"><span class='ocrx_word' id='word_1_14' title='bbox 130 818 439 892; x_wconf 87' lang='lat' dir='ltr'>transuorauimus.</span> <span class='ocrx_word' id='word_1_15' title='bbox 827 817 891 889; x_wconf 92' lang='lat' dir='ltr'>hoc</span> <span class='ocrx_word' id='word_1_16' title='bbox 929 815 1142 890; x_wconf 87' lang='lat' dir='ltr'>tussillarum</span> 
     </span>
     <span class='ocr_line' id='line_1_5' title="bbox 132 930 1157 1028; baseline -0.006 -21"><span class='ocrx_word' id='word_1_17' title='bbox 132 935 282 1007; x_wconf 88' lang='lat' dir='ltr'>Adiecta</span> <span class='ocrx_word' id='word_1_18' title='bbox 302 941 354 1006; x_wconf 90' lang='lat' dir='ltr'>est</span> <span class='ocrx_word' id='word_1_19' title='bbox 385 940 502 1005; x_wconf 89' lang='lat' dir='ltr'>autem</span> <span class='ocrx_word' id='word_1_20' title='bbox 528 933 772 1004; x_wconf 89' lang='lat' dir='ltr'>transuorandi</span> <span class='ocrx_word' id='word_1_21' title='bbox 826 932 992 1028; x_wconf 83' lang='lat' dir='ltr'>impduum</span> <span class='ocrx_word' id='word_1_22' title='bbox 1026 930 1157 1003; x_wconf 81' lang='lat' dir='ltr'>differ&amp;</span> 
     </span>
     <span class='ocr_line' id='line_1_6' title="bbox 130 1046 1206 1145; baseline -0.005 -23"><span class='ocrx_word' id='word_1_23' title='bbox 130 1049 327 1124; x_wconf 82' lang='lat' dir='ltr'>difficultati</span> <span class='ocrx_word' id='word_1_24' title='bbox 354 1047 565 1145; x_wconf 79' lang='lat' dir='ltr'>praefocatio</span> <span class='ocrx_word' id='word_1_25' title='bbox 593 1046 772 1119; x_wconf 85' lang='lat' dir='ltr'>celerrima</span> <span class='ocrx_word' id='word_1_26' title='bbox 827 1046 920 1141; x_wconf 92' lang='lat' dir='ltr'>quod</span> <span class='ocrx_word' id='word_1_27' title='bbox 945 1047 1033 1120; x_wconf 89' lang='lat' dir='ltr'>haee</span> <span class='ocrx_word' id='word_1_28' title='bbox 1065 1056 1167 1118; x_wconf 89' lang='lat' dir='ltr'>acuta</span> <span class='ocrx_word' id='word_1_29' title='bbox 1201 1069 1206 1075; x_wconf 90' lang='lat'><em>·</em></span> 
     </span>
    </p>

    <p class='ocr_par' dir='ltr' id='par_1_3' title="bbox 131 1162 1035 1258">
     <span class='ocr_line' id='line_1_7' title="bbox 131 1162 1035 1258; baseline -0.008 -19"><span class='ocrx_word' id='word_1_30' title='bbox 131 1167 204 1239; x_wconf 87' lang='lat' dir='ltr'>sive</span> <span class='ocrx_word' id='word_1_31' title='bbox 222 1173 335 1240; x_wconf 88' lang='lat' dir='ltr'>acuta.</span> <span class='ocrx_word' id='word_1_32' title='bbox 361 1164 406 1238; x_wconf 87' lang='lat' dir='ltr'>ad</span> <span class='ocrx_word' id='word_1_33' title='bbox 425 1162 665 1235; x_wconf 78' lang='lat' dir='ltr'>discretionem</span> <span class='ocrx_word' id='word_1_34' title='bbox 826 1163 941 1258; x_wconf 82' lang='lat' dir='ltr'>passio</span> <span class='ocrx_word' id='word_1_35' title='bbox 974 1171 1035 1234; x_wconf 91' lang='lat' dir='ltr'>est.</span> 
     </span>
    </p>

    <p class='ocr_par' dir='ltr' id='par_1_4' title="bbox 134 1277 721 1355">
     <span class='ocr_line' id='line_1_8' title="bbox 134 1277 721 1355; baseline -0.014 0"><span class='ocrx_word' id='word_1_36' title='bbox 134 1282 278 1355; x_wconf 91' lang='lat' dir='ltr'>tumoris</span> <span class='ocrx_word' id='word_1_37' title='bbox 298 1278 513 1354; x_wconf 82' lang='lat' dir='ltr'>tonsillarum</span> <span class='ocrx_word' id='word_1_38' title='bbox 532 1277 604 1350; x_wconf 90' lang='lat' dir='ltr'>sive</span> <span class='ocrx_word' id='word_1_39' title='bbox 622 1299 721 1354; x_wconf 88' lang='lat' dir='ltr'>uuae.</span> 
     </span>
    </p>
   </div>
   <div class='ocr_carea' id='block_1_3' title="bbox 282 1558 1285 1658">
    <p class='ocr_par' dir='ltr' id='par_1_5' title="bbox 282 1558 1285 1658">
     <span class='ocr_line' id='line_1_9' title="bbox 282 1558 1285 1658; baseline -0.009 -20"><span class='ocrx_word' id='word_1_40' title='bbox 282 1566 488 1638; x_wconf 85' lang='lat' dir='ltr'>Extremum</span> <span class='ocrx_word' id='word_1_41' title='bbox 502 1562 657 1636; x_wconf 81' lang='lat' dir='ltr'>adferam</span> <span class='ocrx_word' id='word_1_42' title='bbox 676 1585 750 1658; x_wconf 88' lang='lat' dir='ltr'>cap.</span> <span class='ocrx_word' id='word_1_43' title='bbox 770 1561 920 1634; x_wconf 84' lang='lat' dir='ltr'>XXXV</span> <span class='ocrx_word' id='word_1_44' title='bbox 941 1561 1020 1634; x_wconf 90' lang='lat' dir='ltr'>libri</span> <span class='ocrx_word' id='word_1_45' title='bbox 1035 1559 1096 1633; x_wconf 92' lang='lat' dir='ltr'>cel.</span> <span class='ocrx_word' id='word_1_46' title='bbox 1118 1583 1208 1656; x_wconf 89' lang='lat' dir='ltr'>pass.</span> <span class='ocrx_word' id='word_1_47' title='bbox 1228 1558 1285 1630; x_wconf 90' lang='lat' dir='ltr'>Il:</span> 
     </span>
    </p>
   </div>
   <div class='ocr_carea' id='block_1_4' title="bbox 133 1751 2175 3125">
    <p class='ocr_par' dir='ltr' id='par_1_6' title="bbox 133 1751 2175 3125">
     <span class='ocr_line' id='line_1_10' title="bbox 133 1751 1903 1855; baseline -0.004 -24"><span class='ocrx_word' id='word_1_48' title='bbox 133 1761 189 1832; x_wconf 90' lang='lat' dir='ltr'>ed.</span> <span class='ocrx_word' id='word_1_49' title='bbox 212 1759 227 1830; x_wconf 95' lang='lat' dir='ltr'>l</span> <span class='ocrx_word' id='word_1_50' title='bbox 247 1783 280 1855; x_wconf 92' lang='lat' dir='ltr'>p.</span> <span class='ocrx_word' id='word_1_51' title='bbox 305 1761 438 1831; x_wconf 62' lang='lat'><strong>77278&#39;</strong></span> <span class='ocrx_word' id='word_1_52' title='bbox 964 1756 1038 1828; x_wconf 90' lang='lat' dir='ltr'>cod.</span> <span class='ocrx_word' id='word_1_53' title='bbox 1055 1755 1116 1826; x_wconf 86' lang='grc' dir='ltr'>ΑΑ</span> <span class='ocrx_word' id='word_1_54' title='bbox 1130 1752 1194 1847; x_wconf 81' lang='grc' dir='ltr'>[οἱ.</span> <span class='ocrx_word' id='word_1_55' title='bbox 1215 1753 1279 1825; x_wconf 76' lang='grc'>29’</span> <span class='ocrx_word' id='word_1_56' title='bbox 1310 1753 1508 1848; x_wconf 76' lang='lat' dir='ltr'>(Duremdp.</span> <span class='ocrx_word' id='word_1_57' title='bbox 1523 1751 1635 1826; x_wconf 79' lang='lat' dir='ltr'>danus</span> <span class='ocrx_word' id='word_1_58' title='bbox 1656 1753 1702 1828; x_wconf 85' lang='lat' dir='ltr'>u.</span> <span class='ocrx_word' id='word_1_59' title='bbox 1717 1777 1753 1850; x_wconf 84' lang='lat' dir='ltr'>p.</span> <span class='ocrx_word' id='word_1_60' title='bbox 1773 1753 1795 1824; x_wconf 88' lang='lat'><strong>7</strong></span> <span class='ocrx_word' id='word_1_61' title='bbox 1801 1753 1903 1844; x_wconf 70' lang='lat'><strong><em>12-3)</em></strong></span> 
     </span>
     <span class='ocr_line' id='line_1_11' title="bbox 139 1866 2175 1970; baseline -0.003 -24"><span class='ocrx_word' id='word_1_62' title='bbox 139 1872 310 1958; x_wconf 76' lang='lat' dir='ltr'>Quomodo</span> <span class='ocrx_word' id='word_1_63' title='bbox 335 1871 562 1944; x_wconf 68' lang='lat' dir='ltr'>descernimus</span> <span class='ocrx_word' id='word_1_64' title='bbox 594 1866 777 1942; x_wconf 82' lang='lat' dir='ltr'>cardiacus</span> <span class='ocrx_word' id='word_1_65' title='bbox 883 1871 1055 1956; x_wconf 77' lang='lat' dir='ltr'>Quomodo</span> <span class='ocrx_word' id='word_1_66' title='bbox 1097 1892 1302 1966; x_wconf 80' lang='lat' dir='ltr'>reparamus</span> <span class='ocrx_word' id='word_1_67' title='bbox 1337 1869 1538 1964; x_wconf 78' lang='lat' dir='ltr'>passionum</span> <span class='ocrx_word' id='word_1_68' title='bbox 1577 1868 1856 1942; x_wconf 75' lang='lat' dir='ltr'>cardiacorum?</span> <span class='ocrx_word' id='word_1_69' title='bbox 1891 1891 1913 1940; x_wconf 92' lang='lat' dir='ltr'>u</span> <span class='ocrx_word' id='word_1_70' title='bbox 1947 1869 2113 1964; x_wconf 79' lang='lat' dir='ltr'>pus-ricus</span> <span class='ocrx_word' id='word_1_71' title='bbox 2129 1899 2175 1970; x_wconf 63' lang='lat'>15</span> 
     </span>
     <span class='ocr_line' id='line_1_12' title="bbox 136 1983 1075 2088; baseline -0.01 -22"><span class='ocrx_word' id='word_1_72' title='bbox 136 1994 179 2066; x_wconf 86' lang='lat' dir='ltr'>cd</span> <span class='ocrx_word' id='word_1_73' title='bbox 201 1994 257 2065; x_wconf 83' lang='lat' dir='ltr'>tua</span> <span class='ocrx_word' id='word_1_74' title='bbox 285 1991 346 2088; x_wconf 81' lang='lat' dir='ltr'>qui</span> <span class='ocrx_word' id='word_1_75' title='bbox 366 1993 403 2063; x_wconf 82' lang='lat' dir='ltr'>ia</span> <span class='ocrx_word' id='word_1_76' title='bbox 428 1989 602 2062; x_wconf 68' lang='lat' dir='ltr'>stauracio</span> <span class='ocrx_word' id='word_1_77' title='bbox 623 1983 776 2080; x_wconf 80' lang='lat' dir='ltr'>patiente</span> <span class='ocrx_word' id='word_1_78' title='bbox 830 1987 1007 2060; x_wconf 75' lang='lat' dir='ltr'>stomachi.</span> <span class='ocrx_word' id='word_1_79' title='bbox 1030 1987 1075 2078; x_wconf 67' lang='lat' dir='ltr'>”j</span> 
     </span>
     <span class='ocr_line' id='line_1_13' title="bbox 345 2103 578 2178; baseline -0.009 0"><span class='ocrx_word' id='word_1_80' title='bbox 345 2103 578 2178; x_wconf 79' lang='lat' dir='ltr'>euduucrint?</span> 
     </span>
     <span class='ocr_line' id='line_1_14' title="bbox 137 2215 777 2316; baseline -0.016 -21"><span class='ocrx_word' id='word_1_81' title='bbox 137 2223 318 2296; x_wconf 83' lang='lat' dir='ltr'>Sententia</span> <span class='ocrx_word' id='word_1_82' title='bbox 362 2219 579 2316; x_wconf 83' lang='lat' dir='ltr'>Asclepiadis</span> <span class='ocrx_word' id='word_1_83' title='bbox 626 2215 777 2288; x_wconf 81' lang='lat' dir='ltr'>refutata</span> 
     </span>
     <span class='ocr_line' id='line_1_15' title="bbox 138 2337 456 2432; baseline -0.016 -21"><span class='ocrx_word' id='word_1_84' title='bbox 138 2339 178 2410; x_wconf 83' lang='lat' dir='ltr'>G.</span> <span class='ocrx_word' id='word_1_85' title='bbox 195 2341 238 2411; x_wconf 87' lang='lat' dir='ltr'>A.</span> <span class='ocrx_word' id='word_1_86' title='bbox 258 2338 306 2410; x_wconf 91' lang='lat' dir='ltr'>sic</span> <span class='ocrx_word' id='word_1_87' title='bbox 324 2337 456 2432; x_wconf 88' lang='lat' dir='ltr'>pergit:</span> 
     </span>
     <span class='ocr_line' id='line_1_16' title="bbox 137 2444 1510 2547; baseline -0.007 -22"><span class='ocrx_word' id='word_1_88' title='bbox 137 2453 296 2526; x_wconf 85' lang='lat' dir='ltr'>Dicendd</span> <span class='ocrx_word' id='word_1_89' title='bbox 322 2453 440 2547; x_wconf 89' lang='lat' dir='ltr'>itaque</span> <span class='ocrx_word' id='word_1_90' title='bbox 475 2448 652 2522; x_wconf 81' lang='lat' dir='ltr'>stomacho</span> <span class='ocrx_word' id='word_1_91' title='bbox 686 2467 779 2516; x_wconf 90' lang='lat' dir='ltr'>nunc</span> <span class='ocrx_word' id='word_1_92' title='bbox 833 2447 870 2519; x_wconf 89' lang='lat' dir='ltr'>Si</span> <span class='ocrx_word' id='word_1_93' title='bbox 905 2447 945 2518; x_wconf 91' lang='lat' dir='ltr'>ln</span> <span class='ocrx_word' id='word_1_94' title='bbox 983 2445 1197 2519; x_wconf 79' lang='lat' dir='ltr'>stomachhm</span> <span class='ocrx_word' id='word_1_95' title='bbox 1228 2470 1370 2518; x_wconf 88' lang='lat' dir='ltr'>causam</span> <span class='ocrx_word' id='word_1_96' title='bbox 1398 2444 1510 2517; x_wconf 88' lang='lat' dir='ltr'>luerit.</span> 
     </span>
     <span class='ocr_line' id='line_1_17' title="bbox 138 2559 1707 2659; baseline -0.006 -19"><span class='ocrx_word' id='word_1_97' title='bbox 138 2577 304 2659; x_wconf 89' lang='lat' dir='ltr'>tumente,</span> <span class='ocrx_word' id='word_1_98' title='bbox 339 2591 431 2638; x_wconf 88' lang='lat' dir='ltr'>nuuc</span> <span class='ocrx_word' id='word_1_99' title='bbox 458 2565 635 2638; x_wconf 87' lang='lat' dir='ltr'>deficiente</span> <span class='ocrx_word' id='word_1_100' title='bbox 659 2563 695 2634; x_wconf 92' lang='lat' dir='ltr'>in</span> <span class='ocrx_word' id='word_1_101' title='bbox 724 2569 778 2631; x_wconf 89' lang='lat' dir='ltr'>tu·</span> <span class='ocrx_word' id='word_1_102' title='bbox 833 2563 869 2634; x_wconf 92' lang='lat' dir='ltr'>in</span> <span class='ocrx_word' id='word_1_103' title='bbox 905 2561 1042 2635; x_wconf 89' lang='lat' dir='ltr'>feruore</span> <span class='ocrx_word' id='word_1_104' title='bbox 1074 2569 1258 2656; x_wconf 77' lang='lat' dir='ltr'>sequetur3</span> <span class='ocrx_word' id='word_1_105' title='bbox 1297 2559 1473 2632; x_wconf 87' lang='lat' dir='ltr'>Stomachi</span> <span class='ocrx_word' id='word_1_106' title='bbox 1508 2559 1707 2632; x_wconf 87' lang='lat' dir='ltr'>inantemon</span> 
     </span>
     <span class='ocr_line' id='line_1_18' title="bbox 138 2673 1637 2777; baseline -0.007 -22"><span class='ocrx_word' id='word_1_107' title='bbox 138 2707 234 2756; x_wconf 92' lang='lat' dir='ltr'>more</span> <span class='ocrx_word' id='word_1_108' title='bbox 270 2683 442 2755; x_wconf 81' lang='lat' dir='ltr'>feruorem</span> <span class='ocrx_word' id='word_1_109' title='bbox 484 2689 587 2777; x_wconf 88' lang='lat' dir='ltr'>atque</span> <span class='ocrx_word' id='word_1_110' title='bbox 624 2677 779 2751; x_wconf 88' lang='lat' dir='ltr'>dolorem</span> <span class='ocrx_word' id='word_1_111' title='bbox 833 2699 904 2749; x_wconf 90' lang='lat' dir='ltr'>uon</span> <span class='ocrx_word' id='word_1_112' title='bbox 937 2676 1093 2749; x_wconf 90' lang='lat' dir='ltr'>ualidum</span> <span class='ocrx_word' id='word_1_113' title='bbox 1127 2675 1272 2749; x_wconf 90' lang='lat' dir='ltr'>dicimus</span> <span class='ocrx_word' id='word_1_114' title='bbox 1306 2677 1342 2748; x_wconf 92' lang='lat' dir='ltr'>iu</span> <span class='ocrx_word' id='word_1_115' title='bbox 1374 2673 1510 2747; x_wconf 82' lang='lat' dir='ltr'>feruore</span> <span class='ocrx_word' id='word_1_116' title='bbox 1541 2675 1637 2769; x_wconf 89' lang='lat' dir='ltr'>sequi</span> 
     </span>
     <span class='ocr_line' id='line_1_19' title="bbox 138 2790 1651 2893; baseline -0.006 -24"><span class='ocrx_word' id='word_1_117' title='bbox 138 2798 224 2890; x_wconf 85' lang='lat' dir='ltr'>fieri,</span> <span class='ocrx_word' id='word_1_118' title='bbox 260 2799 324 2870; x_wconf 90' lang='lat' dir='ltr'>sub</span> <span class='ocrx_word' id='word_1_119' title='bbox 355 2797 409 2871; x_wconf 90' lang='lat' dir='ltr'>his</span> <span class='ocrx_word' id='word_1_120' title='bbox 440 2795 594 2893; x_wconf 87' lang='lat' dir='ltr'>partibus</span> <span class='ocrx_word' id='word_1_121' title='bbox 633 2792 779 2889; x_wconf 79' lang='lat' dir='ltr'>pectoris</span> <span class='ocrx_word' id='word_1_122' title='bbox 834 2792 937 2864; x_wconf 89' lang='lat' dir='ltr'>lnitio</span> <span class='ocrx_word' id='word_1_123' title='bbox 964 2792 1030 2864; x_wconf 93' lang='lat' dir='ltr'>hoc</span> <span class='ocrx_word' id='word_1_124' title='bbox 1061 2792 1196 2883; x_wconf 86' lang='lat' dir='ltr'>dolore;</span> <span class='ocrx_word' id='word_1_125' title='bbox 1233 2791 1471 2886; x_wconf 87' lang='lat' dir='ltr'>Itemquedam</span> <span class='ocrx_word' id='word_1_126' title='bbox 1505 2790 1651 2862; x_wconf 90' lang='lat' dir='ltr'>duritiae</span> 
     </span>
     <span class='ocr_line' id='line_1_20' title="bbox 140 2907 1476 3010; baseline -0.007 -24"><span class='ocrx_word' id='word_1_127' title='bbox 140 2938 207 3010; x_wconf 54' lang='lat' dir='ltr'>qur,1</span> <span class='ocrx_word' id='word_1_128' title='bbox 227 2914 329 2986; x_wconf 87' lang='lat' dir='ltr'>costis</span> <span class='ocrx_word' id='word_1_129' title='bbox 353 2919 530 3008; x_wconf 85' lang='lat' dir='ltr'>teguntur,</span> <span class='ocrx_word' id='word_1_130' title='bbox 564 2911 619 2982; x_wconf 86' lang='lat' dir='ltr'>vel</span> <span class='ocrx_word' id='word_1_131' title='bbox 646 2933 690 2980; x_wconf 83' lang='lat' dir='ltr'>ex</span> <span class='ocrx_word' id='word_1_132' title='bbox 718 2907 779 2979; x_wconf 89' lang='lat' dir='ltr'>ad-</span> <span class='ocrx_word' id='word_1_133' title='bbox 834 2909 862 2980; x_wconf 87' lang='lat' dir='ltr'>si</span> <span class='ocrx_word' id='word_1_134' title='bbox 899 2910 936 2980; x_wconf 90' lang='lat' dir='ltr'>iu</span> <span class='ocrx_word' id='word_1_135' title='bbox 966 2907 1153 3003; x_wconf 88' lang='lat' dir='ltr'>precordiis</span> <span class='ocrx_word' id='word_1_136' title='bbox 1188 2907 1387 2980; x_wconf 90' lang='lat' dir='ltr'>inueniatur</span> <span class='ocrx_word' id='word_1_137' title='bbox 1420 2907 1476 2978; x_wconf 90' lang='lat' dir='ltr'>uel</span> 
     </span>
     <span class='ocr_line' id='line_1_21' title="bbox 141 3023 1392 3125; baseline -0.006 -26"><span class='ocrx_word' id='word_1_138' title='bbox 141 3053 241 3102; x_wconf 83' lang='lat' dir='ltr'>verso</span> <span class='ocrx_word' id='word_1_139' title='bbox 286 3031 376 3102; x_wconf 88' lang='lat' dir='ltr'>inter</span> <span class='ocrx_word' id='word_1_140' title='bbox 419 3027 536 3125; x_wconf 88' lang='lat' dir='ltr'>palas:</span> <span class='ocrx_word' id='word_1_141' title='bbox 593 3023 780 3120; x_wconf 84' lang='lat' dir='ltr'>ahquando</span> <span class='ocrx_word' id='word_1_142' title='bbox 834 3023 871 3094; x_wconf 90' lang='lat' dir='ltr'>iu</span> <span class='ocrx_word' id='word_1_143' title='bbox 904 3023 1005 3096; x_wconf 89' lang='lat' dir='ltr'>dorso</span> <span class='ocrx_word' id='word_1_144' title='bbox 1041 3023 1125 3095; x_wconf 91' lang='lat' dir='ltr'>item</span> <span class='ocrx_word' id='word_1_145' title='bbox 1159 3023 1392 3118; x_wconf 79' lang='lat' dir='ltr'>inpressorum</span> 
     </span>
    </p>
   </div>
   <div class='ocr_carea' id='block_1_5' title="bbox 139 3138 1472 3698">
    <p class='ocr_par' dir='ltr' id='par_1_7' title="bbox 139 3138 1472 3698">
     <span class='ocr_line' id='line_1_22' title="bbox 139 3138 1396 3242; baseline -0.007 -25"><span class='ocrx_word' id='word_1_146' title='bbox 139 3145 245 3217; x_wconf 88' lang='lat' dir='ltr'>etiarn</span> <span class='ocrx_word' id='word_1_147' title='bbox 289 3152 366 3242; x_wconf 91' lang='lat' dir='ltr'>post</span> <span class='ocrx_word' id='word_1_148' title='bbox 413 3144 527 3217; x_wconf 91' lang='lat' dir='ltr'>cibum</span> <span class='ocrx_word' id='word_1_149' title='bbox 571 3161 777 3239; x_wconf 85' lang='lat' dir='ltr'>pressuram.</span> <span class='ocrx_word' id='word_1_150' title='bbox 835 3138 896 3212; x_wconf 88' lang='lat' dir='ltr'>fiat</span> <span class='ocrx_word' id='word_1_151' title='bbox 932 3147 1010 3235; x_wconf 92' lang='lat' dir='ltr'>post</span> <span class='ocrx_word' id='word_1_152' title='bbox 1045 3149 1225 3234; x_wconf 86' lang='lat' dir='ltr'>acceptum</span> <span class='ocrx_word' id='word_1_153' title='bbox 1260 3138 1396 3230; x_wconf 79' lang='lat' dir='ltr'>cibum3</span> 
     </span>
     <span class='ocr_line' id='line_1_23' title="bbox 140 3253 1472 3342; baseline -0.007 -10"><span class='ocrx_word' id='word_1_154' title='bbox 140 3264 191 3332; x_wconf 82' lang='lat' dir='ltr'>At</span> <span class='ocrx_word' id='word_1_155' title='bbox 208 3283 290 3332; x_wconf 90' lang='lat' dir='ltr'>uero</span> <span class='ocrx_word' id='word_1_156' title='bbox 316 3261 345 3332; x_wconf 91' lang='lat' dir='ltr'>si</span> <span class='ocrx_word' id='word_1_157' title='bbox 362 3259 551 3331; x_wconf 86' lang='lat' dir='ltr'>defectione</span> <span class='ocrx_word' id='word_1_158' title='bbox 581 3255 685 3329; x_wconf 88' lang='lat' dir='ltr'>suerit</span> <span class='ocrx_word' id='word_1_159' title='bbox 711 3261 781 3326; x_wconf 90' lang='lat' dir='ltr'>sto·</span> <span class='ocrx_word' id='word_1_160' title='bbox 836 3255 966 3342; x_wconf 87' lang='lat' dir='ltr'>Quodsi</span> <span class='ocrx_word' id='word_1_161' title='bbox 1001 3253 1206 3327; x_wconf 85' lang='lat' dir='ltr'>inbecillitas</span> <span class='ocrx_word' id='word_1_162' title='bbox 1238 3253 1370 3326; x_wconf 82' lang='lat' dir='ltr'>adstitit</span> <span class='ocrx_word' id='word_1_163' title='bbox 1402 3263 1472 3324; x_wconf 90' lang='lat' dir='ltr'>sto-</span> 
     </span>
     <span class='ocr_line' id='line_1_24' title="bbox 141 3369 1316 3468; baseline -0.005 -23"><span class='ocrx_word' id='word_1_164' title='bbox 141 3375 285 3447; x_wconf 87' lang='lat' dir='ltr'>machus</span> <span class='ocrx_word' id='word_1_165' title='bbox 318 3375 471 3468; x_wconf 84' lang='lat' dir='ltr'>affectus,</span> <span class='ocrx_word' id='word_1_166' title='bbox 508 3374 596 3446; x_wconf 88' lang='lat' dir='ltr'>fluor</span> <span class='ocrx_word' id='word_1_167' title='bbox 627 3370 783 3465; x_wconf 90' lang='lat' dir='ltr'>sequitur</span> <span class='ocrx_word' id='word_1_168' title='bbox 835 3371 948 3442; x_wconf 90' lang='lat' dir='ltr'>machi</span> <span class='ocrx_word' id='word_1_169' title='bbox 985 3369 1133 3442; x_wconf 91' lang='lat' dir='ltr'>multum</span> <span class='ocrx_word' id='word_1_170' title='bbox 1165 3378 1316 3464; x_wconf 86' lang='lat' dir='ltr'>expoute</span> 
     </span>
     <span class='ocr_line' id='line_1_25' title="bbox 140 3485 1447 3584; baseline -0.005 -23"><span class='ocrx_word' id='word_1_171' title='bbox 140 3489 306 3584; x_wconf 71' lang='lat' dir='ltr'>saliuam,</span> <span class='ocrx_word' id='word_1_172' title='bbox 345 3492 374 3562; x_wconf 83' lang='lat' dir='ltr'>du</span> <span class='ocrx_word' id='word_1_173' title='bbox 410 3489 571 3561; x_wconf 89' lang='lat' dir='ltr'>humecta</span> <span class='ocrx_word' id='word_1_174' title='bbox 607 3485 781 3560; x_wconf 89' lang='lat' dir='ltr'>callositas</span> <span class='ocrx_word' id='word_1_175' title='bbox 836 3487 1006 3558; x_wconf 85' lang='lat' dir='ltr'>tumidum</span> <span class='ocrx_word' id='word_1_176' title='bbox 1043 3510 1081 3559; x_wconf 92' lang='lat' dir='ltr'>os</span> <span class='ocrx_word' id='word_1_177' title='bbox 1111 3487 1240 3557; x_wconf 89' lang='lat' dir='ltr'>habent</span> <span class='ocrx_word' id='word_1_178' title='bbox 1278 3486 1447 3556; x_wconf 88' lang='lat' dir='ltr'>stomachi</span> 
     </span>
     <span class='ocr_line' id='line_1_26' title="bbox 141 3599 1409 3698; baseline -0.003 -23"><span class='ocrx_word' id='word_1_179' title='bbox 141 3605 324 3698; x_wconf 75' lang='lat' dir='ltr'>dunenses,</span> <span class='ocrx_word' id='word_1_180' title='bbox 339 3603 394 3675; x_wconf 84' lang='lat' dir='ltr'>rel</span> <span class='ocrx_word' id='word_1_181' title='bbox 406 3604 557 3676; x_wconf 88' lang='lat' dir='ltr'>uomitus</span> <span class='ocrx_word' id='word_1_182' title='bbox 571 3601 780 3696; x_wconf 88' lang='lat' dir='ltr'>liquidorum</span> <span class='ocrx_word' id='word_1_183' title='bbox 835 3602 995 3674; x_wconf 81' lang='lat' dir='ltr'>nausiam</span> <span class='ocrx_word' id='word_1_184' title='bbox 1028 3601 1230 3696; x_wconf 71' lang='lat' dir='ltr'>patiuntur!</span> <span class='ocrx_word' id='word_1_185' title='bbox 1265 3599 1409 3671; x_wconf 90' lang='lat' dir='ltr'>reiciunt</span> 
     </span>
    </p>
   </div>
   <div class='ocr_carea' id='block_1_6' title="bbox 134 3716 1744 4392">
    <p class='ocr_par' dir='ltr' id='par_1_8' title="bbox 138 3716 1555 3814">
     <span class='ocr_line' id='line_1_27' title="bbox 138 3716 1555 3814; baseline -0.004 -23"><span class='ocrx_word' id='word_1_186' title='bbox 138 3729 245 3814; x_wconf 88' lang='lat' dir='ltr'>atque</span> <span class='ocrx_word' id='word_1_187' title='bbox 276 3719 352 3812; x_wconf 84' lang='lat' dir='ltr'>eibi,</span> <span class='ocrx_word' id='word_1_188' title='bbox 380 3719 490 3812; x_wconf 83' lang='lat' dir='ltr'>frigus</span> <span class='ocrx_word' id='word_1_189' title='bbox 519 3718 624 3789; x_wconf 87' lang='lat' dir='ltr'>etiam</span> <span class='ocrx_word' id='word_1_190' title='bbox 652 3718 779 3789; x_wconf 90' lang='lat' dir='ltr'>articu·</span> <span class='ocrx_word' id='word_1_191' title='bbox 836 3716 1018 3808; x_wconf 83' lang='lat' dir='ltr'>humores;</span> <span class='ocrx_word' id='word_1_192' title='bbox 1052 3739 1121 3788; x_wconf 91' lang='lat' dir='ltr'>non</span> <span class='ocrx_word' id='word_1_193' title='bbox 1153 3735 1343 3808; x_wconf 90' lang='lat' dir='ltr'>numquam</span> <span class='ocrx_word' id='word_1_194' title='bbox 1377 3719 1407 3786; x_wconf 86' lang='lat' dir='ltr'>dr</span> <span class='ocrx_word' id='word_1_195' title='bbox 1441 3717 1555 3788; x_wconf 90' lang='lat' dir='ltr'>cibum</span> 
     </span>
    </p>

    <p class='ocr_par' dir='ltr' id='par_1_9' title="bbox 134 3831 1688 4042">
     <span class='ocr_line' id='line_1_28' title="bbox 136 3831 1688 3927; baseline -0.001 -21"><span class='ocrx_word' id='word_1_196' title='bbox 136 3835 263 3908; x_wconf 89' lang='lat' dir='ltr'>lorum.</span> <span class='ocrx_word' id='word_1_197' title='bbox 308 3835 404 3906; x_wconf 88' lang='lat' dir='ltr'>initio</span> <span class='ocrx_word' id='word_1_198' title='bbox 442 3833 534 3905; x_wconf 89' lang='lat' dir='ltr'>euim</span> <span class='ocrx_word' id='word_1_199' title='bbox 578 3857 670 3904; x_wconf 89' lang='lat' dir='ltr'>nnuc</span> <span class='ocrx_word' id='word_1_200' title='bbox 710 3832 778 3904; x_wconf 90' lang='lat' dir='ltr'>fer·</span> <span class='ocrx_word' id='word_1_201' title='bbox 833 3841 1005 3904; x_wconf 71' lang='lat' dir='ltr'>sumtum!</span> <span class='ocrx_word' id='word_1_202' title='bbox 1038 3833 1070 3902; x_wconf 83' lang='lat' dir='ltr'>dr</span> <span class='ocrx_word' id='word_1_203' title='bbox 1101 3854 1223 3904; x_wconf 89' lang='lat' dir='ltr'>manus</span> <span class='ocrx_word' id='word_1_204' title='bbox 1254 3831 1445 3924; x_wconf 77' lang='lat' dir='ltr'>infrigdaut</span> <span class='ocrx_word' id='word_1_205' title='bbox 1483 3832 1548 3904; x_wconf 87' lang='lat' dir='ltr'>hac</span> <span class='ocrx_word' id='word_1_206' title='bbox 1585 3833 1688 3927; x_wconf 85' lang='lat' dir='ltr'>pedes</span> 
     </span>
     <span class='ocr_line' id='line_1_29' title="bbox 134 3945 1280 4042; baseline -0.004 -20"><span class='ocrx_word' id='word_1_207' title='bbox 134 3975 223 4022; x_wconf 88' lang='lat' dir='ltr'>uore</span> <span class='ocrx_word' id='word_1_208' title='bbox 266 3972 356 4020; x_wconf 90' lang='lat' dir='ltr'>nunc</span> <span class='ocrx_word' id='word_1_209' title='bbox 400 3948 528 4042; x_wconf 84' lang='lat' dir='ltr'>frigore</span> <span class='ocrx_word' id='word_1_210' title='bbox 567 3947 774 4020; x_wconf 87' lang='lat' dir='ltr'>afficiuntur.</span> <span class='ocrx_word' id='word_1_211' title='bbox 833 3947 943 4042; x_wconf 90' lang='lat' dir='ltr'>quue</span> <span class='ocrx_word' id='word_1_212' title='bbox 979 3946 1018 4019; x_wconf 91' lang='lat' dir='ltr'>fit</span> <span class='ocrx_word' id='word_1_213' title='bbox 1044 3945 1280 4042; x_wconf 83' lang='lat' dir='ltr'>Ineqrraliter·;</span> 
     </span>
    </p>

    <p class='ocr_par' dir='ltr' id='par_1_10' title="bbox 134 4063 1744 4392">
     <span class='ocr_line' id='line_1_30' title="bbox 135 4063 1713 4159; baseline -0.001 -21"><span class='ocrx_word' id='word_1_214' title='bbox 135 4067 180 4138; x_wconf 90' lang='lat' dir='ltr'>In</span> <span class='ocrx_word' id='word_1_215' title='bbox 213 4064 381 4138; x_wconf 86' lang='lat' dir='ltr'>cardiacis</span> <span class='ocrx_word' id='word_1_216' title='bbox 415 4087 496 4136; x_wconf 81' lang='lat' dir='ltr'>vero</span> <span class='ocrx_word' id='word_1_217' title='bbox 527 4087 639 4157; x_wconf 88' lang='lat' dir='ltr'>neque</span> <span class='ocrx_word' id='word_1_218' title='bbox 668 4063 776 4156; x_wconf 81' lang='lat' dir='ltr'>dolor,</span> <span class='ocrx_word' id='word_1_219' title='bbox 832 4063 924 4136; x_wconf 87' lang='lat' dir='ltr'>Nam</span> <span class='ocrx_word' id='word_1_220' title='bbox 961 4063 1164 4159; x_wconf 90' lang='lat' dir='ltr'>plerumque</span> <span class='ocrx_word' id='word_1_221' title='bbox 1199 4063 1373 4135; x_wconf 88' lang='lat' dir='ltr'>calescunt</span> <span class='ocrx_word' id='word_1_222' title='bbox 1408 4063 1557 4135; x_wconf 89' lang='lat' dir='ltr'>cardiaci</span> <span class='ocrx_word' id='word_1_223' title='bbox 1597 4073 1713 4136; x_wconf 88' lang='lat' dir='ltr'>autem</span> 
     </span>
     <span class='ocr_line' id='line_1_31' title="bbox 134 4176 1637 4277; baseline -0.003 -23"><span class='ocrx_word' id='word_1_224' title='bbox 134 4206 250 4276; x_wconf 88' lang='lat' dir='ltr'>neque</span> <span class='ocrx_word' id='word_1_225' title='bbox 265 4187 341 4277; x_wconf 86' lang='lat' dir='ltr'>post</span> <span class='ocrx_word' id='word_1_226' title='bbox 354 4177 467 4252; x_wconf 90' lang='lat' dir='ltr'>eibum</span> <span class='ocrx_word' id='word_1_227' title='bbox 480 4179 645 4274; x_wconf 72' lang='lat' dir='ltr'>granula,</span> <span class='ocrx_word' id='word_1_228' title='bbox 666 4201 777 4272; x_wconf 89' lang='lat' dir='ltr'>nequo</span> <span class='ocrx_word' id='word_1_229' title='bbox 831 4179 965 4252; x_wconf 92' lang='lat' dir='ltr'>nullum</span> <span class='ocrx_word' id='word_1_230' title='bbox 997 4176 1149 4251; x_wconf 91' lang='lat' dir='ltr'>dolorem</span> <span class='ocrx_word' id='word_1_231' title='bbox 1185 4178 1433 4274; x_wconf 88' lang='lat' dir='ltr'>inspirantibus</span> <span class='ocrx_word' id='word_1_232' title='bbox 1465 4179 1637 4250; x_wconf 67' lang='lat' dir='ltr'>sentiunt}</span> 
     </span>
     <span class='ocr_line' id='line_1_32' title="bbox 134 4294 1744 4392; baseline -0.001 -24"><span class='ocrx_word' id='word_1_233' title='bbox 134 4295 288 4368; x_wconf 85' lang='lat' dir='ltr'>uomitus</span> <span class='ocrx_word' id='word_1_234' title='bbox 307 4294 777 4392; x_wconf 80' lang='lat' dir='ltr'>essuperspicitur,&amp;torpor</span> <span class='ocrx_word' id='word_1_235' title='bbox 831 4318 943 4390; x_wconf 88' lang='lat' dir='ltr'>neque</span> <span class='ocrx_word' id='word_1_236' title='bbox 978 4303 1181 4388; x_wconf 83' lang='lat' dir='ltr'>grauantur.</span> <span class='ocrx_word' id='word_1_237' title='bbox 1214 4303 1291 4392; x_wconf 89' lang='lat' dir='ltr'>post</span> <span class='ocrx_word' id='word_1_238' title='bbox 1323 4294 1438 4366; x_wconf 88' lang='lat' dir='ltr'>cibum</span> <span class='ocrx_word' id='word_1_239' title='bbox 1467 4318 1578 4390; x_wconf 88' lang='lat' dir='ltr'>neque</span> <span class='ocrx_word' id='word_1_240' title='bbox 1601 4296 1744 4368; x_wconf 85' lang='lat' dir='ltr'>reiciunt</span> 
     </span>
    </p>
   </div>
   <div class='ocr_carea' id='block_1_7' title="bbox 135 4583 354 4596">
    <p class='ocr_par' dir='ltr' id='par_1_11' title="bbox 135 4583 354 4596">
     <span class='ocr_line' id='line_1_33' title="bbox 135 4583 354 4596; baseline -0.009 0"><span class='ocrx_word' id='word_1_241' title='bbox 135 4583 354 4596; x_wconf 44' lang='lat' dir='ltr'>m</span> 
     </span>
    </p>
   </div>
   <div class='ocr_carea' id='block_1_8' title="bbox 137 4649 1912 4737">
    <p class='ocr_par' dir='ltr' id='par_1_12' title="bbox 137 4649 1912 4737">
     <span class='ocr_line' id='line_1_34' title="bbox 137 4649 1912 4737; baseline -0.002 -21"><span class='ocrx_word' id='word_1_242' title='bbox 137 4655 171 4716; x_wconf 82' lang='lat'>5.</span> <span class='ocrx_word' id='word_1_243' title='bbox 192 4670 210 4714; x_wconf 84' lang='lat' dir='ltr'>c</span> <span class='ocrx_word' id='word_1_244' title='bbox 228 4651 331 4716; x_wconf 90' lang='lat' dir='ltr'>ualido</span> <span class='ocrx_word' id='word_1_245' title='bbox 355 4651 470 4736; x_wconf 86' lang='lat' dir='ltr'>impetu</span> <span class='ocrx_word' id='word_1_246' title='bbox 488 4649 493 4722; x_wconf 95' lang='grc' dir='ltr'>Ι</span> <span class='ocrx_word' id='word_1_247' title='bbox 515 4655 544 4715; x_wconf 89' lang='grc'>6.</span> <span class='ocrx_word' id='word_1_248' title='bbox 572 4651 728 4735; x_wconf 81' lang='lat' dir='ltr'>ninguine</span> <span class='ocrx_word' id='word_1_249' title='bbox 745 4669 761 4713; x_wconf 97' lang='grc' dir='ltr'>ιι</span> <span class='ocrx_word' id='word_1_250' title='bbox 779 4650 936 4734; x_wconf 86' lang='lat' dir='ltr'>inguinem</span> <span class='ocrx_word' id='word_1_251' title='bbox 955 4653 959 4726; x_wconf 95' lang='grc' dir='ltr'>Ι</span> <span class='ocrx_word' id='word_1_252' title='bbox 976 4652 1004 4712; x_wconf 76' lang='lat' dir='ltr'>l.</span> <span class='ocrx_word' id='word_1_253' title='bbox 1023 4669 1058 4713; x_wconf 87' lang='lat' dir='ltr'>uu</span> <span class='ocrx_word' id='word_1_254' title='bbox 1073 4661 1154 4712; x_wconf 88' lang='lat' dir='ltr'>tons·</span> <span class='ocrx_word' id='word_1_255' title='bbox 1174 4665 1179 4736; x_wconf 70' lang='grc' dir='ltr'>ι</span> <span class='ocrx_word' id='word_1_256' title='bbox 1198 4653 1227 4714; x_wconf 85' lang='grc'>3.</span> <span class='ocrx_word' id='word_1_257' title='bbox 1245 4669 1282 4713; x_wconf 83' lang='lat' dir='ltr'>ou</span> <span class='ocrx_word' id='word_1_258' title='bbox 1298 4655 1414 4737; x_wconf 85' lang='lat' dir='ltr'>impetu</span> <span class='ocrx_word' id='word_1_259' title='bbox 1436 4669 1452 4712; x_wconf 90' lang='grc' dir='ltr'>ιι</span> <span class='ocrx_word' id='word_1_260' title='bbox 1469 4650 1569 4714; x_wconf 84' lang='lat' dir='ltr'>differt</span> <span class='ocrx_word' id='word_1_261' title='bbox 1587 4653 1591 4727; x_wconf 94' lang='grc' dir='ltr'>Ι</span> <span class='ocrx_word' id='word_1_262' title='bbox 1610 4654 1640 4713; x_wconf 88' lang='grc'>9.</span> <span class='ocrx_word' id='word_1_263' title='bbox 1657 4670 1674 4712; x_wconf 92' lang='grc' dir='ltr'>ιι</span> <span class='ocrx_word' id='word_1_264' title='bbox 1694 4673 1730 4714; x_wconf 88' lang='lat' dir='ltr'>ca</span> <span class='ocrx_word' id='word_1_265' title='bbox 1747 4673 1792 4714; x_wconf 89' lang='lat' dir='ltr'>ac.</span> <span class='ocrx_word' id='word_1_266' title='bbox 1818 4670 1912 4714; x_wconf 81' lang='lat' dir='ltr'>coru.</span> 
     </span>
    </p>
   </div>
   <div class='ocr_carea' id='block_1_9' title="bbox 131 4844 2114 5454">
    <p class='ocr_par' dir='ltr' id='par_1_13' title="bbox 131 4844 2114 5454">
     <span class='ocr_line' id='line_1_35' title="bbox 231 4844 2113 4938; baseline 0 -30"><span class='ocrx_word' id='word_1_267' title='bbox 231 4845 279 4930; x_wconf 83' lang='grc'>**)</span> <span class='ocrx_word' id='word_1_268' title='bbox 306 4847 355 4908; x_wconf 80' lang='lat'>15.</span> <span class='ocrx_word' id='word_1_269' title='bbox 373 4865 390 4909; x_wconf 89' lang='grc' dir='ltr'>ι</span> <span class='ocrx_word' id='word_1_270' title='bbox 405 4865 584 4932; x_wconf 83' lang='lat' dir='ltr'>separemus</span> <span class='ocrx_word' id='word_1_271' title='bbox 601 4865 606 4938; x_wconf 69' lang='grc' dir='ltr'>ι</span> <span class='ocrx_word' id='word_1_272' title='bbox 620 4849 672 4912; x_wconf 86' lang='grc'>20.</span> <span class='ocrx_word' id='word_1_273' title='bbox 692 4864 738 4910; x_wconf 75' lang='lat' dir='ltr'>us</span> <span class='ocrx_word' id='word_1_274' title='bbox 754 4861 777 4908; x_wconf 79' lang='grc' dir='ltr'>ι</span> <span class='ocrx_word' id='word_1_275' title='bbox 791 4867 952 4927; x_wconf 75' lang='lat' dir='ltr'>sarperscr.</span> <span class='ocrx_word' id='word_1_276' title='bbox 974 4865 1058 4911; x_wconf 81' lang='lat' dir='ltr'>corr.</span> <span class='ocrx_word' id='word_1_277' title='bbox 1091 4844 1284 4909; x_wconf 87' lang='lat' dir='ltr'>stomachum</span> <span class='ocrx_word' id='word_1_278' title='bbox 1301 4846 1355 4908; x_wconf 79' lang='lat' dir='ltr'>c-il</span> <span class='ocrx_word' id='word_1_279' title='bbox 1371 4865 1423 4909; x_wconf 90' lang='lat' dir='ltr'>u-o</span> <span class='ocrx_word' id='word_1_280' title='bbox 1439 4863 1477 4910; x_wconf 84' lang='lat' dir='ltr'>uu</span> <span class='ocrx_word' id='word_1_281' title='bbox 1492 4850 1603 4923; x_wconf 77' lang='lat' dir='ltr'>causat</span> <span class='ocrx_word' id='word_1_282' title='bbox 1621 4847 1672 4908; x_wconf 91' lang='grc'>21.</span> <span class='ocrx_word' id='word_1_283' title='bbox 1691 4865 1708 4908; x_wconf 85' lang='lat' dir='ltr'>c</span> <span class='ocrx_word' id='word_1_284' title='bbox 1727 4865 1790 4910; x_wconf 84' lang='grc' dir='ltr'>οιιι.</span> <span class='ocrx_word' id='word_1_285' title='bbox 1808 4846 1838 4908; x_wconf 90' lang='lat' dir='ltr'>iu</span> <span class='ocrx_word' id='word_1_286' title='bbox 1861 4865 1878 4910; x_wconf 83' lang='lat' dir='ltr'>c</span> <span class='ocrx_word' id='word_1_287' title='bbox 1895 4846 2050 4910; x_wconf 79' lang='lat' dir='ltr'>feruores</span> <span class='ocrx_word' id='word_1_288' title='bbox 2065 4864 2113 4908; x_wconf 87' lang='lat' dir='ltr'>se·</span> 
     </span>
     <span class='ocr_line' id='line_1_36' title="bbox 132 4950 2112 5040; baseline -0.002 -24"><span class='ocrx_word' id='word_1_289' title='bbox 132 4951 245 5040; x_wconf 88' lang='lat' dir='ltr'>quitur</span> <span class='ocrx_word' id='word_1_290' title='bbox 263 4969 281 5014; x_wconf 87' lang='lat' dir='ltr'>c</span> <span class='ocrx_word' id='word_1_291' title='bbox 302 4951 465 5016; x_wconf 81' lang='lat' dir='ltr'>staurachd</span> <span class='ocrx_word' id='word_1_292' title='bbox 481 4971 498 5016; x_wconf 93' lang='grc' dir='ltr'>ιι</span> <span class='ocrx_word' id='word_1_293' title='bbox 522 4961 556 5016; x_wconf 93' lang='lat' dir='ltr'>ut</span> <span class='ocrx_word' id='word_1_294' title='bbox 570 4961 665 5016; x_wconf 71' lang='lat' dir='ltr'>stum</span> <span class='ocrx_word' id='word_1_295' title='bbox 684 4953 822 5016; x_wconf 82' lang='lat' dir='ltr'>sinuato</span> <span class='ocrx_word' id='word_1_296' title='bbox 848 4973 946 5016; x_wconf 85' lang='lat' dir='ltr'>annos</span> <span class='ocrx_word' id='word_1_297' title='bbox 963 4971 979 5016; x_wconf 93' lang='grc' dir='ltr'>ιι</span> <span class='ocrx_word' id='word_1_298' title='bbox 994 4952 1098 5016; x_wconf 88' lang='lat' dir='ltr'>inante</span> <span class='ocrx_word' id='word_1_299' title='bbox 1123 4972 1222 5014; x_wconf 88' lang='lat' dir='ltr'>annos</span> <span class='ocrx_word' id='word_1_300' title='bbox 1241 4969 1319 5014; x_wconf 74' lang='lat' dir='ltr'>sue</span> <span class='ocrx_word' id='word_1_301' title='bbox 1338 4971 1380 5014; x_wconf 83' lang='lat' dir='ltr'>cr·</span> <span class='ocrx_word' id='word_1_302' title='bbox 1397 4974 1415 5017; x_wconf 95' lang='lat' dir='ltr'>o</span> <span class='ocrx_word' id='word_1_303' title='bbox 1432 4972 1516 5016; x_wconf 82' lang='lat' dir='ltr'>corr.</span> <span class='ocrx_word' id='word_1_304' title='bbox 1539 4959 1544 5032; x_wconf 75' lang='lat' dir='ltr'>l</span> <span class='ocrx_word' id='word_1_305' title='bbox 1562 4955 1615 5016; x_wconf 91' lang='grc'>22.</span> <span class='ocrx_word' id='word_1_306' title='bbox 1637 4970 1653 5014; x_wconf 92' lang='grc' dir='ltr'>ιι</span> <span class='ocrx_word' id='word_1_307' title='bbox 1669 4951 1791 5033; x_wconf 85' lang='lat' dir='ltr'>dicam;</span> <span class='ocrx_word' id='word_1_308' title='bbox 1822 4952 1928 5034; x_wconf 75' lang='lat' dir='ltr'>ltrhq.</span> <span class='ocrx_word' id='word_1_309' title='bbox 1965 4950 2112 5014; x_wconf 84' lang='lat' dir='ltr'>ut·dicam</span> 
     </span>
     <span class='ocr_line' id='line_1_37' title="bbox 134 5057 2111 5144; baseline -0.001 -22"><span class='ocrx_word' id='word_1_310' title='bbox 134 5059 235 5122; x_wconf 75' lang='lat' dir='ltr'>runcis</span> <span class='ocrx_word' id='word_1_311' title='bbox 248 5059 323 5122; x_wconf 82' lang='lat' dir='ltr'>irrct.</span> <span class='ocrx_word' id='word_1_312' title='bbox 340 5061 344 5134; x_wconf 88' lang='lat' dir='ltr'>l</span> <span class='ocrx_word' id='word_1_313' title='bbox 362 5060 414 5122; x_wconf 89' lang='grc'>23.</span> <span class='ocrx_word' id='word_1_314' title='bbox 432 5077 450 5122; x_wconf 91' lang='grc' dir='ltr'>ιι</span> <span class='ocrx_word' id='word_1_315' title='bbox 467 5058 585 5124; x_wconf 85' lang='lat' dir='ltr'>initium</span> <span class='ocrx_word' id='word_1_316' title='bbox 610 5077 646 5124; x_wconf 86' lang='lat' dir='ltr'>cu</span> <span class='ocrx_word' id='word_1_317' title='bbox 669 5079 705 5122; x_wconf 86' lang='lat' dir='ltr'>ac</span> <span class='ocrx_word' id='word_1_318' title='bbox 720 5079 737 5122; x_wconf 84' lang='lat' dir='ltr'>o</span> <span class='ocrx_word' id='word_1_319' title='bbox 755 5058 844 5124; x_wconf 90' lang='lat' dir='ltr'>dolor</span> <span class='ocrx_word' id='word_1_320' title='bbox 860 5078 876 5121; x_wconf 90' lang='grc' dir='ltr'>ιι</span> <span class='ocrx_word' id='word_1_321' title='bbox 892 5058 1030 5124; x_wconf 88' lang='lat' dir='ltr'>dolorem</span> <span class='ocrx_word' id='word_1_322' title='bbox 1057 5077 1093 5122; x_wconf 85' lang='lat' dir='ltr'>ou</span> <span class='ocrx_word' id='word_1_323' title='bbox 1108 5065 1139 5122; x_wconf 91' lang='lat' dir='ltr'>et</span> <span class='ocrx_word' id='word_1_324' title='bbox 1157 5058 1231 5122; x_wconf 89' lang='lat' dir='ltr'>item</span> <span class='ocrx_word' id='word_1_325' title='bbox 1258 5057 1412 5144; x_wconf 89' lang='lat' dir='ltr'>quaedam</span> <span class='ocrx_word' id='word_1_326' title='bbox 1429 5079 1446 5122; x_wconf 90' lang='grc' dir='ltr'>ιι</span> <span class='ocrx_word' id='word_1_327' title='bbox 1462 5057 1589 5123; x_wconf 88' lang='lat' dir='ltr'>durities</span> <span class='ocrx_word' id='word_1_328' title='bbox 1603 5060 1607 5133; x_wconf 88' lang='lat' dir='ltr'>l</span> <span class='ocrx_word' id='word_1_329' title='bbox 1623 5061 1675 5124; x_wconf 84' lang='grc'>24.</span> <span class='ocrx_word' id='word_1_330' title='bbox 1700 5060 1758 5124; x_wconf 87' lang='lat' dir='ltr'>osi</span> <span class='ocrx_word' id='word_1_331' title='bbox 1781 5079 1843 5123; x_wconf 89' lang='lat' dir='ltr'>om.</span> <span class='ocrx_word' id='word_1_332' title='bbox 1861 5057 2111 5132; x_wconf 78' lang='lat' dir='ltr'>ninreuiuuturl</span> 
     </span>
     <span class='ocr_line' id='line_1_38' title="bbox 133 5151 2114 5252; baseline -0.003 -21"><span class='ocrx_word' id='word_1_333' title='bbox 133 5167 197 5231; x_wconf 83' lang='grc'>25.</span> <span class='ocrx_word' id='word_1_334' title='bbox 214 5151 232 5230; x_wconf 75' lang='lat' dir='ltr'>a</span> <span class='ocrx_word' id='word_1_335' title='bbox 247 5177 277 5230; x_wconf 88' lang='lat' dir='ltr'>et</span> <span class='ocrx_word' id='word_1_336' title='bbox 301 5185 445 5251; x_wconf 86' lang='lat' dir='ltr'>pressura</span> <span class='ocrx_word' id='word_1_337' title='bbox 460 5185 477 5229; x_wconf 90' lang='lat' dir='ltr'>u</span> <span class='ocrx_word' id='word_1_338' title='bbox 493 5181 527 5229; x_wconf 91' lang='lat' dir='ltr'>ut</span> <span class='ocrx_word' id='word_1_339' title='bbox 541 5186 596 5252; x_wconf 86' lang='lat' dir='ltr'>p-a</span> <span class='ocrx_word' id='word_1_340' title='bbox 612 5163 617 5238; x_wconf 89' lang='lat' dir='ltr'>l</span> <span class='ocrx_word' id='word_1_341' title='bbox 634 5167 687 5230; x_wconf 90' lang='grc'>26.</span> <span class='ocrx_word' id='word_1_342' title='bbox 704 5186 721 5228; x_wconf 85' lang='lat' dir='ltr'>c</span> <span class='ocrx_word' id='word_1_343' title='bbox 736 5165 792 5244; x_wconf 79' lang='lat' dir='ltr'>fitl</span> <span class='ocrx_word' id='word_1_344' title='bbox 823 5167 876 5230; x_wconf 76' lang='grc'>27.</span> <span class='ocrx_word' id='word_1_345' title='bbox 905 5167 1058 5231; x_wconf 86' lang='lat' dir='ltr'>cinueec-</span> <span class='ocrx_word' id='word_1_346' title='bbox 1075 5165 1219 5228; x_wconf 86' lang='lat' dir='ltr'>aimhec-</span> <span class='ocrx_word' id='word_1_347' title='bbox 1240 5185 1255 5228; x_wconf 90' lang='grc' dir='ltr'>ι</span> <span class='ocrx_word' id='word_1_348' title='bbox 1271 5165 1397 5229; x_wconf 84' lang='lat' dir='ltr'>adsistat</span> <span class='ocrx_word' id='word_1_349' title='bbox 1413 5171 1419 5244; x_wconf 84' lang='grc' dir='ltr'>Ι</span> <span class='ocrx_word' id='word_1_350' title='bbox 1441 5167 1495 5230; x_wconf 90' lang='grc'>28.</span> <span class='ocrx_word' id='word_1_351' title='bbox 1507 5187 1528 5228; x_wconf 91' lang='lat' dir='ltr'>u</span> <span class='ocrx_word' id='word_1_352' title='bbox 1544 5186 1714 5232; x_wconf 77' lang='lat' dir='ltr'>carcerc.</span> <span class='ocrx_word' id='word_1_353' title='bbox 1732 5175 1736 5248; x_wconf 83' lang='grc' dir='ltr'>Ι</span> <span class='ocrx_word' id='word_1_354' title='bbox 1753 5168 1865 5230; x_wconf 86' lang='grc'><strong>28-29.</strong></span> <span class='ocrx_word' id='word_1_355' title='bbox 1891 5184 1909 5228; x_wconf 87' lang='lat' dir='ltr'>c</span> <span class='ocrx_word' id='word_1_356' title='bbox 1928 5175 2068 5250; x_wconf 87' lang='lat' dir='ltr'>expuunt</span> <span class='ocrx_word' id='word_1_357' title='bbox 2083 5171 2114 5230; x_wconf 87' lang='lat' dir='ltr'>et</span> 
     </span>
     <span class='ocr_line' id='line_1_39' title="bbox 131 5269 2112 5362; baseline -0.001 -25"><span class='ocrx_word' id='word_1_358' title='bbox 131 5271 305 5337; x_wconf 89' lang='lat' dir='ltr'>humidum</span> <span class='ocrx_word' id='word_1_359' title='bbox 322 5290 338 5334; x_wconf 91' lang='grc' dir='ltr'>ιι</span> <span class='ocrx_word' id='word_1_360' title='bbox 357 5292 448 5356; x_wconf 87' lang='lat' dir='ltr'>exsp·</span> <span class='ocrx_word' id='word_1_361' title='bbox 466 5280 497 5335; x_wconf 90' lang='lat' dir='ltr'>et</span> <span class='ocrx_word' id='word_1_362' title='bbox 522 5271 607 5335; x_wconf 91' lang='lat' dir='ltr'>hum.</span> <span class='ocrx_word' id='word_1_363' title='bbox 626 5269 630 5342; x_wconf 90' lang='lat' dir='ltr'>l</span> <span class='ocrx_word' id='word_1_364' title='bbox 649 5273 701 5338; x_wconf 89' lang='grc'>30.</span> <span class='ocrx_word' id='word_1_365' title='bbox 723 5291 759 5335; x_wconf 88' lang='lat' dir='ltr'>cn</span> <span class='ocrx_word' id='word_1_366' title='bbox 781 5270 941 5343; x_wconf 87' lang='lat' dir='ltr'>nausiaml</span> <span class='ocrx_word' id='word_1_367' title='bbox 958 5273 1010 5334; x_wconf 83' lang='lat'>32.</span> <span class='ocrx_word' id='word_1_368' title='bbox 1031 5291 1067 5335; x_wconf 86' lang='lat' dir='ltr'>on</span> <span class='ocrx_word' id='word_1_369' title='bbox 1089 5287 1246 5356; x_wconf 86' lang='lat' dir='ltr'>sumptum</span> <span class='ocrx_word' id='word_1_370' title='bbox 1267 5291 1283 5335; x_wconf 88' lang='grc' dir='ltr'>ιι</span> <span class='ocrx_word' id='word_1_371' title='bbox 1305 5271 1534 5356; x_wconf 78' lang='lat' dir='ltr'>infrigidantur</span> <span class='ocrx_word' id='word_1_372' title='bbox 1561 5293 1596 5334; x_wconf 91' lang='lat' dir='ltr'>uc</span> <span class='ocrx_word' id='word_1_373' title='bbox 1621 5279 1625 5352; x_wconf 88' lang='grc' dir='ltr'>Ι</span> <span class='ocrx_word' id='word_1_374' title='bbox 1654 5276 1705 5336; x_wconf 89' lang='grc'>33.</span> <span class='ocrx_word' id='word_1_375' title='bbox 1724 5291 1761 5338; x_wconf 85' lang='lat' dir='ltr'>cs</span> <span class='ocrx_word' id='word_1_376' title='bbox 1786 5274 1891 5358; x_wconf 88' lang='lat' dir='ltr'>sieque</span> <span class='ocrx_word' id='word_1_377' title='bbox 1907 5291 1943 5336; x_wconf 83' lang='lat' dir='ltr'>ou</span> <span class='ocrx_word' id='word_1_378' title='bbox 1964 5274 2112 5362; x_wconf 70' lang='lat' dir='ltr'>inaequp</span> 
     </span>
     <span class='ocr_line' id='line_1_40' title="bbox 132 5377 724 5454; baseline -0.003 -10"><span class='ocrx_word' id='word_1_379' title='bbox 132 5380 195 5444; x_wconf 87' lang='grc'>34.</span> <span class='ocrx_word' id='word_1_380' title='bbox 218 5377 438 5443; x_wconf 85' lang='lat' dir='ltr'>nCardiaeum</span> <span class='ocrx_word' id='word_1_381' title='bbox 455 5379 460 5454; x_wconf 88' lang='lat' dir='ltr'>l</span> <span class='ocrx_word' id='word_1_382' title='bbox 481 5379 569 5444; x_wconf 72' lang='lat' dir='ltr'>aar</span> <span class='ocrx_word' id='word_1_383' title='bbox 592 5378 699 5443; x_wconf 89' lang='lat' dir='ltr'>dolore</span> <span class='ocrx_word' id='word_1_384' title='bbox 719 5377 724 5450; x_wconf 89' lang='lat' dir='ltr'>l</span> 
     </span>
    </p>
   </div>
   <div class='ocr_carea' id='block_1_10' title="bbox 0 0 2382 6090">
    <p class='ocr_par' dir='ltr' id='par_1_14' title="bbox 0 0 2382 6090">
     <span class='ocr_line' id='line_1_41' title="bbox 0 0 2382 6090; baseline 0 0"><span class='ocrx_word' id='word_1_385' title='bbox 0 0 2382 6090; x_wconf 95' lang='lat' dir='ltr'> </span> 
     </span>
    </p>
   </div>
  </div>
 </body>
</html>
