4756 6094
1023 411 1187 480 ..7-

214 585 449 682 1155551155,
469 609 537 682 quo
557 585 685 682 scripta
709 585 810 657 huius
837 584 985 658 auctoris
1011 582 1221 680 ferebantur,
1250 586 1286 657 in
1309 583 1407 658 codd.
1428 592 1463 659 et
1481 583 1556 657 edd.
1584 609 1659 681 ppr.
1689 609 1797 682 parva
1823 595 1874 659 est
1896 587 2094 683 discrepan-

121 705 180 776 tia.
196 711 203 744 ¹
239 703 388 776 Plenum
407 701 510 798 quale
526 699 628 774 fuerit
647 703 831 794 pessimum
867 701 952 773 miro
972 697 1122 794 quodam
1137 723 1220 774 casu
1240 703 1448 794 factumest,
1481 709 1519 772 ut
1533 699 1661 774 fuerint
1675 703 1733 798 qui
1752 703 1783 774 ei
1805 701 1971 793 „Lucius“
1994 727 2093 800 prae·

122 844 249 894 nomen
274 819 431 892 dederint
444 861 492 870 —
508 817 654 890 fortasse
671 815 762 912 quod
782 815 860 888 Val.
878 813 1128 888 Chimcntellus
1155 815 1246 890 hunc
1265 841 1305 890 ac
1323 815 1362 889 L.
1379 815 1537 889 Caelium
1551 818 1741 890 Arrianum
1757 842 1865 906 unum
1880 818 2095 914 eundemque

123 937 325 1033 scriptorem
355 957 428 1008 esse
459 933 652 1030 spspicatus
681 942 754 1006 est¹
789 941 958 1028 —atque
986 939 1160 1004 servatum
1180 933 1368 1007 sitnomen
1388 933 1454 1004 hoc
1490 931 1550 1026 „L
1571 932 1718 1006 Caelius.
1739 933 1779 1006 L.
1794 933 1840 1006 til.
1860 935 1960 1030 PAp.
1981 938 2094 1008 Aure·
2137 985 2142 997 ·

121 1051 255 1125 lianus“
277 1047 760 1146 151555151155511511115558
776 1073 783 1140 3
800 1072 924 1144 exque
938 1047 1031 1119 haud
1049 1051 1118 1122 scio
1133 1074 1178 1121 an
1196 1050 1239 1122 ds
1252 1049 1366 1146 patria
1384 1047 1470 1121 nihil
1488 1049 1642 1122 conicere
1656 1049 1768 1143 liceat,
1789 1051 1831 1124 de
1850 1052 2095 1146 praenomine‘

124 1175 185 1239 aut
203 1167 246 1238 de
271 1173 385 1240 aetate
403 1163 485 1261 quid
504 1163 689 1238 concludas
699 1187 768 1236 non
783 1163 893 1235 video.
912 1162 1004 1236 Nam
1017 1187 1095 1236 cum
1112 1163 1318 1256 „Siccensis“
1333 1165 1367 1236 in
1378 1165 1475 1238 codd.
1492 1165 1635 1248 dicatur,
1655 1189 1734 1238 eum
1743 1165 1840 1239 Sicca
1849 1165 2026 1261 Veneria·
2052 1191 2097 1238 ex

123 1281 346 1355 celeberrimo
357 1280 417 1354 illo
427 1279 552 1376 oppido
571 1279 766 1372 Numidiae,
787 1277 959 1367 Romam·
978 1279 1178 1352 venissevu
1194 1279 1249 1352 dd.
1263 1281 1490 1352 consentiunt.
1512 1277 1589 1352 Hoc
1601 1287 1716 1352 autem
1727 1305 1790 1378 pro
1801 1292 1894 1354 certo
1908 1306 2035 1378 ponere
2053 1305 2097 1355 nc

123 1421 188 1491 ego
198 1396 336 1492 quidem
348 1397 514 1470 dubitabo
525 1395 679 1470 Caelium
692 1394 922 1468 Aurelianum
934 1418 997 1466 nec
1007 1395 1205 1468 Romanum
1214 1421 1278 1468 nec
1287 1395 1460 1468 Graecum
1476 1395 1597 1488 luisse3
1617 1420 1760 1492 graecas
1776 1421 1859 1470 sane
1874 1398 2038 1494 epistulas
2053 1397 2097 1472 ad

123 1513 388 1586 Praetextatum
407 1535 481 1585 sese
497 1512 629 1586 misisse
644 1511 717 1607 ipse
735 1509 831 1583 testis
849 1519 901 1582 est
912 1534 954 1582 ac
971 1511 1141 1606 promittit
1154 1511 1328 1608 discipulis
1345 1535 1381 1585 se
1401 1536 1637 1607 quaecumque
1651 1537 1672 1585 a
1684 1511 1827 1586 Graecis
1842 1514 1984 1586 obscure
2006 1513 2098 1590 dicta

124 1629 193 1700 sint
212 1627 463 1722 explicaturum
482 1649 576 1719 esse;
600 1649 664 1698 neo
681 1635 799 1698 tamen
817 1624 954 1698 difficile
977 1635 1028 1698 est
1045 1650 1123 1698 eum
1141 1651 1265 1721 graeco
1284 1651 1442 1700 sermone
1469 1650 1539 1700 non
1558 1637 1597 1706 ut
1617 1627 1727 1724 patrio
1747 1653 1847 1702 usum
1866 1653 1938 1702 esse
1956 1628 2097 1702 demon-

126 1963 335 2051 composuisse
361 1962 414 2048 (ct.
436 1963 538 2049 infra),
563 1961 675 2049 quibus
700 1969 734 2026 ut
757 1961 844 2026 libris
866 1962 922 2026 cel.
949 1971 979 2028 et
1004 1963 1081 2029 tard.
1101 1984 1182 2049 pass.
1203 1960 1359 2046 inscriptio
1380 1959 1436 2024 illa
1459 1959 1700 2046 haudquaquam
1717 1969 1791 2047 apta
1805 1969 1866 2042 est3
1897 1983 1950 2026 eos
1969 1983 2044 2027 sane
2060 1981 2100 2026 ex

126 2072 245 2156 graecis
260 2071 427 2134 translatos
441 2091 509 2134 esse
526 2071 656 2156 scriptor
665 2070 732 2155 ipse
747 2069 869 2133 latetur.
888 2067 970 2142 Quid
983 2069 1099 2155 igitur?
1117 2076 1202 2134 estne
1218 2069 1385 2134 verisimile
1399 2066 1629 2132 Cassiodorium
1644 2067 1676 2131 15
1690 2069 1822 2133 auctoris
1837 2069 1961 2134 nomine
1978 2070 2102 2155 lapsum

128 2199 204 2260 esse,
237 2177 329 2263 quod,
365 2197 434 2240 cunr
459 2177 549 2240 nimis
577 2177 730 2262 generalis
753 2176 791 2239 sit
816 2174 885 2240 libri
912 2177 1018 2240 titulus
1048 2175 1107 2256 „de
1126 2175 1310 2258 medicina“‚
1337 2174 1496 2240 monachis
1517 2175 1558 2238 ad
1573 2174 1788 2261 reperiendum
1805 2195 1883 2262 opus
1906 2177 2101 2241 commcnda-

129 2292 194 2350 tum
210 2284 322 2350 summi
340 2283 433 2348 fuerit
449 2283 622 2348 momenti?
650 2281 729 2346 Utut
744 2289 791 2348 est
805 2303 864 2348 nec
878 2284 918 2349 ds
936 2290 1062 2348 auctora
1086 2284 1154 2370 ipso
1175 2303 1233 2348 nec
1253 2283 1293 2348 de
1317 2283 1437 2368 scriptis
1459 2283 1525 2346 eius
1555 2283 1724 2369 quidquam
1748 2305 1805 2350 nos
1825 2284 1879 2350 illo
1926 2284 2099 2350 testimonio

128 2391 278 2479 proficere
297 2399 436 2478 apparet.

263 2501 270 2535 ¹
297 2519 347 2562 ex.
364 2497 432 2562 cod.
449 2496 584 2560 Lauriss.
602 2497 696 2582 (nunc
712 2495 828 2583 Vatis.)
844 2519 924 2562 saec.
940 2496 988 2560 X:
1005 2495 1103 2562 Caelii
1118 2497 1269 2562 aureliani
1283 2495 1449 2560 methodici
1464 2496 1608 2560 siccensis
1624 2495 1853 2560 medicinalium
1868 2498 2100 2584 responsionum

127 2605 195 2670 libri
222 2602 273 2668 III
296 2603 327 2666 in
354 2623 416 2667 unc
442 2602 510 2666 cod.
537 2601 588 2686 (51.
604 2601 790 2683 witmarus,
807 2599 887 2666 Mus.
902 2603 963 2667 Rh.
980 2602 1019 2668 N.
1036 2603 1067 2668 S.
1083 2605 1145 2669 vol.
1163 2603 1289 2668 XXIII.
1302 2625 1333 2690 p.
1349 2605 1423 2668 389.
1440 2601 1524 2668 Rosa
1539 2603 1560 2666 l.
1578 2603 1599 2666 l.
1613 2625 1643 2689 p.
1666 2606 1752 2690 166.)

260 2731 309 2774 ax.
330 2709 398 2773 cod.
431 2708 519 2773 Leid.
545 2730 626 2773 saec.
652 2707 736 2772 XIII
765 2707 816 2794 (cf.
837 2709 874 2772 L.
896 2709 1020 2792 Muller,
1038 2709 1118 2774 Mus.
1139 2709 1202 2773 Rh.
1230 2711 1292 2774 vol.
1313 2709 1438 2774 XXIII.
1456 2733 1487 2796 p.
1511 2711 1605 2796 189):
1633 2707 1684 2774 Ex
1705 2708 1841 2775 Genecia
1862 2711 1930 2775 celii
1952 2709 2102 2776 aureliani

127 2816 293 2882 methodici
303 2815 456 2879 siccensis.
469 2814 521 2899 (ci.
549 2813 588 2879 V.
610 2815 704 2897 Rosa,
720 2815 829 2880 Herm.
845 2816 907 2881 vol.
926 2815 984 2879 IV.
1000 2839 1030 2902 p.
1051 2819 1137 2902 141.)

239 2944 289 2988 ex.
309 2922 357 2987 ed.
379 2943 424 3009 pr.
442 2921 626 2987 Parisiensi:
674 2920 772 2986 Caelii
794 2921 956 2987 Aureliani
981 2921 1148 2987 Methodici
1165 2921 1316 2987 Siccensis
1340 2922 1434 2988 Liber
1455 2923 1589 2988 celerum
1610 2924 1659 2988 vel
1681 2938 1843 2988 acutarum
1867 2923 2021 2988 Passioni
2044 2939 2101 2989 eto.

127 3029 177 3116 (Ο.
193 3028 233 3093 Α.
250 3029 292 3093 Μ.
310 3027 341 3092 S.
359 3030 415 3093 cel.
429 3029 489 3094 rel.
507 3049 552 3092 ao.
568 3050 648 3114 pass.
662 3027 757 3093 Liber
771 3031 905 3115 primus3
921 3029 955 3093 0.
963 3027 1052 3094 Α.Μ.
1061 3028 1092 3096 S.
1111 3029 1222 3094 Oxeon
1237 3029 1333 3094 Liber
1347 3028 1522 3112 Secundus;
1539 3029 1621 3092 uA.
1631 3027 1714 3093 MS.
1728 3029 1840 3095 Oxeon
1855 3029 1949 3095 Liber
1964 3029 2104 3116 Tertium

127 3137 163 3201 Ο.
174 3135 266 3200 Α.Μ.
283 3135 315 3199 S.
337 3135 449 3200 Oneon
462 3135 549 3200 Libri
564 3137 643 3200 tertii
660 3135 752 3222 linis).

240 3265 279 3308 ex
300 3243 370 3307 cod.
387 3243 535 3307 Isauriss:
561 3242 658 3308 Caelii
675 3243 838 3308 Aureliani
852 3241 1002 3306 Siccensis
1016 3239 1164 3305 chronion
1177 3239 1256 3304 liber
1271 3241 1388 3326 primus
1408 3255 1466 3304 etc.
1483 3242 1534 3326 (cf.
1549 3241 1727 3306 Wilnranns
1743 3245 1763 3307 l.
1777 3244 1797 3307 l.
1815 3245 1896 3309 Rosa
1911 3245 1931 3308 l.
1947 3245 1968 3309 l.
1986 3269 2016 3332 p.
2043 3247 2103 3312 165

128 3350 224 3414 adnot
239 3350 298 3436 *').
1598 3419 1603 3428 ,

240 3473 293 3520 ex.
311 3454 360 3522 ad.
377 3476 422 3540 pr.
440 3453 628 3520 Basileensi:
676 3454 773 3520 Caelii
797 3454 958 3520 Aureliani
984 3454 1135 3518 Siccensis
1153 3452 1328 3518 Turdorum
1344 3453 1528 3518 Passienum
1545 3455 1630 3520 Libri
1652 3457 1693 3521 V.
1711 3457 1760 3543 (C.
1781 3459 1821 3522 Α.
1844 3459 1923 3523 Sin
1945 3459 1976 3522 V
1995 3460 2105 3525 Libros

128 3563 277 3627 chronion
290 3562 458 3648 praefati03
475 3559 510 3626 C.
527 3562 568 3626 A.
581 3561 612 3624 S.
629 3561 775 3626 chronion
791 3560 885 3625 Liber
893 3561 1017 3625 Primus
1032 3561 1075 3624 II.
1084 3560 1145 3624 III.
1162 3557 1220 3624 IV.
1234 3559 1293 3642 V.;
1310 3559 1345 3624 C.
1357 3559 1397 3623 A.
1410 3559 1442 3623 S.
1460 3560 1608 3626 chronion
1622 3563 1676 3626 lib.
1694 3563 1783 3650 primi
1799 3565 1885 3648 finis3
1900 3603 1944 3612 --
1958 3565 1990 3630 lI
2004 3568 2104 3652 (deest

129 3667 183 3733 lib.
200 3667 251 3732 III
274 3670 462 3754 subscr.),-
476 3667 523 3732 IV
540 3668 640 3754 (deest
659 3668 831 3755 chronion),
849 3705 893 3714 -
908 3667 939 3728 V
950 3681 980 3732 et
997 3667 1096 3731 ultimi
1111 3666 1206 3753 finis.)

263 3776 302 3840 de
321 3775 396 3840 libb.
415 3775 551 3840 Lauriss.
568 3787 597 3840 et
616 3775 664 3839 cd.
677 3797 723 3861 pr.
739 3774 812 3838 Bas.
832 3775 980 3838 chronion
1003 3773 1153 3837 affinitate
1173 3773 1212 3836 of.
1229 3773 1312 3837 Rose
1328 3773 1348 3836 l.
1364 3773 1385 3836 1.
1402 3795 1432 3859 p.
1454 3775 1536 3856 1653
1553 3773 1591 3838 51.
1608 3775 1700 3839 etiam
1716 3776 1797 3840 inira
1812 3799 1841 3864 p.
1864 3781 1915 3842 41.

242 3881 315 3946 ¹ol.
332 3882 381 3946 ed.
396 3879 501 3946 Amm.
528 3882 625 3968 praei.
653 3905 683 3968 p.
707 3883 760 3965 24,
779 3881 896 3965 judicia
922 3879 996 3944 Val.
1024 3879 1231 3964 Chimentelli,
1252 3877 1498 3961 HadrianiJunii,
1514 3880 1626 3945 Renati
1641 3881 1781 3948 Moreau.

243 3993 254 4027 ³
278 3987 315 4052 ci.
337 3987 454 4053 Guerin
478 3987 562 4075 Voy.
586 3989 669 4053 arch.
696 3988 772 4052 dans
787 3988 817 4052 la
835 3989 943 4072 region
960 3987 998 4051 de
1022 3985 1128 4070 Turis,
1159 3988 1222 4052 vol.
1246 3985 1324 4072 II‚p
1354 3989 1425 4051 184.
1453 3986 1533 4051 CIL.
1549 3989 1611 4052 vol.
1630 3987 1724 4054 VIII.
1754 3991 1917 4076 N⁰12895
1942 3994 2099 4080 inscriptio

131 4105 175 4161 est
195 4096 294 4160 haec:

535 4200 668 4268 aucun:
689 4196 1708 4266 noauurvsnnlnranevanumsvs-almerus...

938 4303 1296 4371 VIXITXNNIS'LX
1726 4327 1728 4332 ·

550 4410 1529 4488 ALFIDIA·L·FILIA·QVARTINA·PIA·VIXIT·ANNIS
1544 4414 1689 4480 XLVIII

267 4623 358 4690 CIL:
407 4629 414 4663 ¹
439 4627 521 4713 PAp
568 4631 578 4664 ²
602 4625 662 4690 III.
679 4626 731 4711 (51.
748 4625 791 4690 N⁰
808 4629 907 4709 5515)
923 4629 933 4662 ³
950 4624 1050 4688 ANN.
1064 4625 1243 4689 Wilmanns
1258 4627 1422 4692 frustulum
1441 4636 1560 4692 tantum
1577 4630 1711 4714 repperit
1727 4627 2105 4702 FILII-ovantius·

133 4733 178 4797 ΡΙ
189 4734 221 4796 15
233 4733 309 4796 villa
324 4731 420 4817 Bordj
437 4755 470 4798 cr
485 4733 590 4798 Rumi.
610 4733 737 4817 (munic.
762 4731 989 4818 Vallitanum.);
1009 4731 1156 4816 degente
1184 4733 1291 4798 Caelia
1315 4732 1354 4797 ol.
1372 4733 1414 4797 IV⁰
1432 4735 1535 4816 72553
1565 4732 1615 4799 De
1638 4733 1743 4798 Caelio
1760 4735 1940 4820 Aureliano,
1962 4737 2107 4825 episcopo

134 4839 317 4904 Rauennate
331 4839 370 4903 cl.
387 4839 496 4905 Marini
511 4861 583 4927 555.
600 4839 742 4926 (115114.
760 4843 803 4926 (5.
822 4841 900 4923 248)
916 4853 946 4902 et
965 4838 1049 4903 Roas
1065 4839 1084 4901 l.
1097 4839 1117 4902 l.
1135 4861 1165 4924 p.
1186 4841 1257 4903 115.
1278 4839 1361 4904 Num
1376 4840 1514 4904 eiusdem
1530 4839 1664 4904 familiae
1685 4841 1745 4904 sint
1760 4843 1836 4906 scire
1851 4863 1912 4907 non
1934 4865 2107 4930 possumus.

268 4943 498 5012 ‘Praenomen
524 4947 654 5012 fortasse
685 4947 820 5028 evanuit,
847 4945 932 5032 quod
960 4944 1000 5009 ad
1033 4965 1145 5008 nomen
1169 4945 1288 5011 adiecta
1315 4955 1403 5010 eraut
1424 4945 1639 5026 „Methodicus
1657 4946 1838 5012 Siccensis.“

269 5057 280 5092 ¹
303 5053 353 5118 Dc
368 5053 456 5118 Sicca
474 5053 612 5120 Veneria
635 5053 806 5118 docuerunt
823 5073 893 5117 cum
917 5051 970 5115 alii
990 5065 1054 5114 tum
1071 5049 1190 5116 Suerin
1216 5053 1237 5116 1.
1260 5053 1281 5116 l.
1307 5073 1338 5138 p.
1356 5055 1441 5136 53„;
1469 5051 1573 5118 Tissot
1602 5051 1731 5140 Explor.
1751 5055 1856 5118 scient.
1879 5055 1918 5120 de
1947 5054 2110 5142 l'Airique,

124 5157 252 5244 *Gcogn
279 5161 444 5250 compares
469 5161 508 5227 de
524 5162 557 5225 la
571 5182 658 5248 prou.
680 5159 772 5225 Rom.
788 5158 889 5223 d’Alr.
910 5156 1001 5221 Tam.
1018 5156 1063 5221 II.
1078 5180 1109 5245 p.
1126 5161 1301 5224 ato-379
1328 5160 1379 5243 (cf.
1400 5181 1480 5244 quac
1506 5158 1624 5224 addidit
1644 5159 1782 5224 Reinach
1801 5161 1876 5225 ibid.
1904 5184 1934 5247 p.
1957 5165 2045 5248 815.)
2069 5163 2106 5226 oi.

122 5266 242 5330 etiam:
259 5267 367 5332 Africa
385 5267 488 5332 christ.
504 5267 611 5354 Staph.
627 5263 1421 5331 Α515511Μ5555111.Β515.18115101115511111.

270 5377 280 5410 ⁸
304 5373 343 5438 51.
361 5373 471 5440 Haller
486 5373 627 5440 biblioth.
653 5375 759 5438 butan.
780 5371 808 5436 I.
824 5394 854 5458 p.
875 5373 956 5452 1473
987 5369 1095 5456 Meyer
1119 5370 1200 5434 Hist.
1223 5369 1329 5434 Plant.
1354 5372 1375 5435 l.
1396 5372 1417 5435 l.
1435 5371 1556 5438 Haeser
1569 5374 1591 5437 l.
1608 5373 1639 5454 l.,
1654 5373 1741 5438 alios.
