4756 6094
1159 353 1353 422 ..14-

267 532 323 598 tos
341 549 413 598 esse
430 523 689 596 demonstravit.
723 523 821 611 Quae
838 547 917 596 oum
947 524 997 594 ita
1014 523 1082 596 sint
1101 525 1203 596 venia
1227 525 1311 597 mihi
1342 524 1442 596 detur
1475 524 1567 620 quod
1586 548 1679 598 nunc
1696 549 1737 598 ea
1755 525 1977 598 retractanda
2004 527 2138 621 suscepi
2156 549 2246 620 quae

267 638 487 734 Daremberg
504 646 539 712 et
555 639 731 714 Rosciam
751 638 1087 734 animadverterunt3
1124 639 1158 711 id
1181 639 1398 736 potissimum
1430 640 1483 734 egi
1521 647 1560 712 ut
1589 647 1623 713 et
1654 641 1848 714 accuratius
1880 665 1987 736 quam
2013 639 2064 712 illi
2089 639 2186 714 licuit
2213 653 2248 714 et

265 753 476 828 luculentius
493 777 598 850 quam
627 755 683 826 hic
709 754 789 826 fecit
808 754 1081 826 demonstrarem
1110 763 1280 851 qnatenus
1295 755 1466 850 quomodo
1497 756 1633 828 Aurelii
1652 765 1685 828 et
1705 756 1879 853 Esoolapii
1892 756 1987 829 libris
2014 757 2182 829 utendum
2201 759 2244 830 sit

267 869 315 941 ad
344 869 585 964 castigandum
616 875 753 941 textum
787 893 890 964 quem
920 869 1085 942 exhibent
1113 871 1188 943 edd.
1218 872 1390 966 principes
1423 871 1639 968 Componam
1668 879 1784 945 autem
1820 873 1969 968 primum
1996 872 2064 945 duo
2091 873 2245 970 Respon-

265 986 405 1058 sionum
433 985 544 1058 frusta
581 1009 671 1080 quae
702 984 857 1056 Caelium
878 983 1106 1058 Aurelianum
1140 987 1176 1058 in
1194 987 1275 1058 libb.
1296 987 1357 1058 cel.
1379 996 1413 1058 et
1432 987 1519 1058 tard.
1550 1011 1639 1083 pass.
1659 989 1842 1061 inseruisse
1860 1012 1919 1060 vv.
1939 987 1995 1060 dd.
2015 988 2239 1061 ostenderunt

267 1125 350 1174 cum
361 1101 556 1196 fragmento
584 1101 862 1197 Responsionum
878 1100 951 1174 ood.
984 1103 1170 1196 Augiensis
1196 1101 1301 1174 CXX
1320 1105 1382 1196 (A)
1398 1109 1524 1174 etcum
1553 1104 1688 1176 Aurelii
1706 1111 1740 1176 et
1756 1103 1931 1200 Escolapii
1954 1103 2127 1178 codicibus
2160 1128 2243 1199 quos

268 1218 409 1312 quidem
424 1218 592 1313 inspicere
613 1217 759 1312 licuerit,
789 1217 912 1288 deinde
930 1241 1000 1289 non
1019 1217 1116 1290 nulla
1133 1219 1202 1290 alia
1221 1219 1359 1291 illorum
1379 1219 1549 1290 librorum
1567 1243 1646 1292 oum
1670 1219 1792 1292 iisdem
1812 1218 1955 1293 Aureho
1976 1227 2010 1292 et
2027 1217 2242 1316 Escolapio.¹

406 1467 413 1502 ¹
438 1465 488 1530 De
507 1465 628 1530 Aurelii
647 1473 676 1529 et
693 1463 849 1550 Esoolapii
876 1464 968 1528 codd.
999 1465 1052 1551 qui
1076 1472 1198 1528 exstant
1228 1465 1267 1530 cf.
1283 1463 1479 1552 Daremberg
1508 1471 1539 1530 et
1556 1465 1641 1530 Rose
1666 1467 1686 1528 l.
1703 1467 1723 1529 l.
1740 1465 1811 1552 Ipse
1846 1487 1928 1531 anno
1952 1468 2111 1554 superiore
2135 1469 2245 1552 partim

268 1571 474 1638 Caroliruhae
498 1573 609 1659 partim
637 1571 835 1658 Argentorati
870 1591 911 1636 ex
931 1571 999 1636 cod.
1032 1570 1116 1658 Aug.
1137 1569 1227 1636 CXX
1260 1593 1341 1637 saec.
1381 1570 1477 1636 lli-X
1509 1579 1633 1658 praeter
1664 1571 1913 1657 Responsionum
1939 1561 2115 1659 fragmenta
2152 1575 2245 1639 libros

269 1679 392 1744 Aurelii
411 1688 441 1743 et
456 1677 613 1764 Esoolapii
628 1715 672 1725 -
686 1699 743 1742 nec
758 1679 882 1742 nomina
896 1699 954 1743 nec
971 1678 1050 1742 tituli
1064 1680 1095 1742 in
1114 1679 1174 1744 hoc
1189 1679 1257 1744 cod.
1274 1687 1396 1743 exstant
1412 1715 1456 1726 -
1471 1679 1637 1765 descripsi3
1667 1680 1768 1744 facere
1783 1699 1847 1744 non
1865 1701 1992 1766 possum
2012 1681 2087 1766 quin
2102 1681 2162 1745 hoc
2179 1683 2244 1746 loco

268 1788 423 1851 maximas
437 1808 529 1872 agam
545 1786 659 1872 gratias
674 1784 714 1849 A.
732 1785 863 1868 Holder,
877 1786 996 1850 custodi
1011 1787 1219 1851 bibliothecae
1235 1785 1481 1851 Caroliruhensis
1497 1786 1682 1868 doctissimo,
1707 1787 1759 1872 qui
1777 1809 1833 1872 pro
1851 1786 2041 1852 humanitate
2057 1809 2094 1851 ac
2106 1787 2246 1873 benigni·

269 1899 334 1958 tate
353 1914 410 1956 sna
425 1899 455 1958 et
473 1893 601 1958 consilio
618 1901 648 1957 et
663 1913 758 1978 opera
783 1913 834 1957 mc
851 1893 957 1957 iuvare
973 1915 1034 1958 non
1060 1892 1176 1957 destitit
1200 1901 1294 1980 atque
1310 1894 1403 1958 ctiam
1422 1893 1675 1978 pretiosissimum
1699 1893 1788 1958 illum
1813 1893 1927 1958 librum
1953 1892 2144 1979 Augiensem
2171 1895 2246 1960 mihi

269 2000 512 2084 Argentoratum
528 1999 712 2064 mittendum
728 2000 864 2080 curavit3
889 2001 1068 2086 exemplum
1095 2021 1201 2064 meum
1216 2000 1286 2064 libri
1302 1999 1424 2064 Aurelii
1441 2001 1481 2064 ad
1507 1995 1791 2064 cod.Oasiner'1sc1n
1819 1998 1946 2064 xovH
1962 2021 2042 2064 saec.
2071 2001 2166 2066 lli-X
2194 2001 2244 2086 (f.

269 2104 322 2169 De
338 2105 446 2187 Renai,
475 2105 576 2170 Storia
605 2106 689 2170 della
714 2105 870 2170 Medicina
890 2107 922 2170 in
947 2107 1059 2190 Italia;
1095 2105 1248 2190 Oararita,
1276 2105 1411 2172 Jcodici
1427 2105 1564 2187 dMonte
1593 2105 1740 2191 Cassin03
1765 2106 1912 2172 Biblioth.
1946 2105 2049 2171 Oasin.
2083 2109 2145 2172 vol.
2169 2107 2245 2195 III.)

271 2213 404 2298 benigne
417 2213 494 2276 mihi
508 2214 637 2278 contulit
653 2211 691 2276 G.
706 2212 837 2296 Ficker3
864 2213 979 2277 codicis
995 2212 1207 2278 Bruxellensis
1222 2213 1457 2300 descriptionem
1475 2211 1595 2277 Aurelii
1609 2214 1700 2277 celer.
1719 2235 1801 2300 pass.
1816 2213 1892 2278 mihi
1908 2215 2092 2299 promissam
2108 2212 2244 2278 adhunc

271 2329 419 2406 exspecto
436 2321 536 2404 diem;
552 2319 680 2384 Parisiis
696 2319 905 2405 fragmentum
923 2320 993 2384 libri
1012 2319 1169 2406 Escolapii
1183 2319 1296 2384 tardar.
1313 2342 1394 2405 pass.
1412 2319 1452 2384 ad
1472 2320 1540 2383 cod.
1556 2319 1653 2384 Brux.
1673 2320 1726 2384 fol.
1743 2322 1842 2384 66-77
1860 2322 2013 2406 (suspicor
2025 2321 2158 2386 eundern
2179 2343 2246 2386 esse

270 2449 365 2516 quem
383 2426 460 2491 Dar.
481 2426 570 2512 vidit)
587 2427 774 2514 descriptum
795 2430 827 2512 (a
843 2426 984 2510 Claudio,
998 2427 1090 2490 huius
1106 2427 1181 2490 bibl.
1198 2428 1272 2491 olim
1288 2427 1428 2512 custode)
1443 2427 1583 2512 inspexi3
1607 2425 1765 2512 Escolapii
1788 2427 1901 2491 librum
1922 2428 1961 2491 ab
1981 2425 2103 2494 Joanne
2117 2427 2244 2493 Schotto

270 2534 472 2619 Argentorati
486 2555 514 2597 a.
533 2532 747 2598 MDXXXIII
764 2534 844 2620 typis
866 2555 1045 2620 expressum
1062 2555 1133 2597 cum
1160 2533 1227 2598 cod.
1252 2533 1334 2618 Aug.
1365 2534 1489 2598 contuli.
1521 2533 1669 2620 (Physica
1692 2529 1724 2596 S.
1740 2531 1953 2618 Hildegardis‚
1979 2533 2111 2599 Oribasii
2133 2533 2246 2600 Medici

270 2641 312 2706 de
325 2639 522 2727 Simplicibus
539 2639 609 2703 libri
631 2637 667 2722 V,
677 2637 835 2706 Theodori
850 2639 977 2726 Physici
994 2641 1085 2722 dieta,
1101 2639 1259 2726 Esoulapii
1273 2639 1367 2704 Liber
1382 2639 1473 2703 Unus
1488 2639 1538 2704 De
1553 2639 1732 2704 morborum
1749 2648 1806 2704 etc.
1823 2641 1952 2726 Argent.
1968 2661 2017 2726 ap.
2036 2641 2067 2706 J.
2084 2641 2245 2706 Schottum

271 2745 511 2831 MDXXXIH.)
526 2746 565 2810 cf.
583 2745 666 2811 Rosa
681 2747 703 2811 l.
720 2745 741 2809 l.
759 2745 857 2811 Vides
871 2747 965 2831 igitur
982 2769 1149 2833 maneque
1173 2749 1310 2811 omnium
1331 2747 1472 2811 codicum
1494 2747 1665 2811 testimonis
1680 2753 1710 2812 ei
1730 2763 1771 2812 ex
1788 2757 1876 2833 parte
1901 2747 2031 2811 aliorum
2056 2750 2243 2836 apographis

270 2861 306 2919 ut
326 2853 543 2939 Darembergii
570 2875 698 2918 neruum
723 2875 800 2918 esse.
827 2853 926 2919 Oodd.
953 2866 1057 2920 autem
1076 2855 1158 2918 huno
1173 2853 1205 2918 in
1223 2855 1352 2919 modum
1367 2854 1598 2940 significantur:

271 2955 274 2962 ’
407 2960 457 3023 A:
482 2959 732 3046 Responsionum
747 2961 856 3046 fragm.
871 2960 938 3025 cod.
963 2961 1131 3048 Augiensis
1151 2983 1231 3025 saec.
1252 2961 1355 3026 IX-X.
1380 2961 1502 3026 Aurelii
1528 2969 1558 3026 et
1581 2959 1738 3046 Escolapii
1762 2959 1858 3026 libros
1875 2980 1915 3024 ex
1929 2961 2039 3026 eodem
2056 2962 2162 3028 codice
2178 2963 2245 3028 des-

496 3067 609 3153 criptos
626 3067 683 3130 litt.
698 3067 762 3130 AA
775 3068 965 3154 significabo.

409 3172 451 3238 C:
475 3173 554 3238 liber
565 3173 685 3238 Aurelii
701 3175 769 3238 cod.
788 3173 963 3240 Gasinensis
977 3195 1057 3240 saec.
1071 3173 1185 3256 IX·X;
1204 3174 1282 3240 inest
1300 3175 1394 3238 etiam
1407 3174 1486 3238 liber
1498 3173 1666 3259 Escolapii.

408 3280 456 3344 B:
480 3281 559 3344 liber
570 3279 690 3345 Aurelii
707 3303 724 3346 c
743 3281 810 3346 cod.
827 3281 1024 3348 Bruxellensi
1039 3303 1119 3346 saec.
1139 3281 1205 3345 XII
1219 3280 1436 3366 Darembergii
1454 3301 1527 3345 cura
1546 3281 1566 3343 l.
1582 3281 1602 3344 l.
1627 3280 1708 3366 typis
1725 3299 1900 3366 expressus.

411 3387 486 3452 BP:
511 3387 589 3454 liber
603 3387 761 3474 Escolapii
776 3409 815 3454 ex
830 3390 1002 3476 fragmento
1016 3389 1184 3454 Parisiensi
1200 3387 1294 3474 (Bibl.
1312 3387 1383 3453 Nat.
1399 3387 1502 3453 Nous.
1519 3388 1604 3453 fond.
1620 3389 1672 3454 lat.
1692 3387 1735 3452 N⁰
1752 3389 1861 3472 9329),
1877 3407 1943 3473 cap.
1962 3383 2135 3450 I-xvmr.
