4756 6094
1174 379 1366 450 ...44-

383 554 450 618 ili.
475 555 519 624 iia
539 554 822 625 medicaminum
840 553 951 624 tibris
971 553 1220 639 Respunaicnum
1240 557 1291 624 usi
1305 555 1344 624 dc
1361 555 1613 642 iisspcusicnum
1627 557 1741 625 tibris
1755 557 1799 625 da
1822 557 2143 628 medicaminibus.

848 675 915 734 test.
941 669 984 733 II.
1006 667 1064 732 VI.
1090 667 1211 732 VII-X.
1236 667 1390 733 xl-nlv.
1413 668 1563 733 XV-XX.
1589 669 1680 734 XXI.

424 883 582 956 Caelium
596 883 633 954 in
646 883 940 978 Responsionibus
952 883 994 955 de
1009 882 1353 955 medicaminibus
1369 881 1496 954 dixisse
1511 906 1616 976 quam
1630 884 1856 956 canusinum
1871 884 1912 956 fit
1924 893 1998 957 test.
2010 886 2194 980 XI-XIII5
2208 912 2255 960 ex

276 1009 354 1072 test.
375 1000 450 1072 XII
467 1009 502 1071 et
520 997 612 1070 XIV
630 998 776 1070 edicitur
795 998 892 1071 ilium
912 999 1049 1070 eosdem
1066 997 1172 1069 libros
1196 997 1297 1068 modo
1316 996 1647 1092 Responsionum
1664 1000 1769 1070 modo
1784 998 2106 1074 Medicaminum
2122 1001 2252 1074 libros

275 1115 494 1211 significarc3
523 1137 627 1210 quam
646 1115 690 1185 ob
709 1137 782 1186 rem
814 1139 882 1186 non
914 1115 1023 1188 solnm
1056 1121 1132 1188 test.
1157 1114 1203 1186 II.
1224 1111 1351 1184 VII-X
1369 1121 1509 1207 propter
1539 1115 1735 1207 argumenti
1765 1114 2023 1188 similitudinem
2051 1117 2096 1188 ad
2114 1119 2251 1190 eosdem

274 1232 449 1328 pertinent
477 1230 658 1304 sedetiam
690 1238 766 1302 test.
788 1228 955 1340 XV-XX
971 1253 1050 1302 cnm
1069 1253 1139 1302 non
1168 1231 1212 1302 sit
1242 1229 1334 1324 quod
1364 1229 1513 1301 maiores
1541 1227 1646 1301 libros
1666 1229 1711 1301 de
1733 1229 1854 1302 eadem
1873 1253 1949 1302 rea
1968 1232 2137 1326 scriptore
2158 1255 2252 1303 com-

274 1349 405 1444 positos
423 1371 495 1420 esse
520 1369 697 1420 sumamus
715 1345 764 1417 ita
782 1355 819 1417 ut
845 1345 946 1418 ruodo
965 1346 1009 1418 ad
1027 1347 1089 1418 hos
1107 1346 1208 1418 modo
1228 1345 1271 1416 ad
1303 1344 1556 1442 Responsiones
1573 1344 1849 1438 remitteremnr3
1878 1345 1923 1417 dc
1939 1354 2016 1418 test.
2036 1345 2090 1418 VI
2109 1355 2145 1418 et
2158 1348 2251 1419 XXI

272 1489 338 1538 suo
356 1464 431 1537 luco
448 1463 651 1536 dictumest.
671 1462 769 1550 Quae
783 1485 861 1534 cum
878 1461 927 1534 ita
945 1463 1014 1534 sint
1032 1463 1099 1534 duo
1115 1461 1295 1532 minimum
1315 1461 1454 1532 fuerunt
1469 1461 1745 1554 Responsionum
1759 1461 1838 1534 libri
1852 1461 2252 1536 demedieaminibus

274 1582 348 1653 sive
365 1579 707 1670 Medicaminum;
737 1578 861 1672 quibus
889 1578 1053 1673 quonia-m
1083 1599 1255 1672 nusquam
1278 1599 1315 1648 se
1342 1576 1517 1672 copiosius
1537 1577 1579 1648 de
1595 1576 1658 1649 hac
1675 1602 1714 1648 re
1730 1587 1888 1650 aeturnum
1906 1601 1980 1650 esse
1997 1576 2178 1674 pollicetur
2192 1580 2253 1650 sed

273 1693 475 1790 saepissime
493 1695 538 1766 ad
557 1693 633 1768 ilios
650 1694 824 1788 legentem
842 1701 983 1766 revocat
1000 1695 1083 1766 satis
1104 1693 1243 1788 plenam
1261 1691 1527 1764 medicaminum
1545 1692 1714 1764 rationem
1737 1693 1990 1780 „ordinavisse“
2012 1693 2160 1765 uidetur.

425 1809 526 1899 Quod
558 1811 631 1906 ipse
660 1809 751 1906 (test.
786 1809 896 1906 XXi)
930 1810 992 1882 hus
1021 1808 1128 1882 libros
1163 1830 1287 1902 graeco
1320 1808 1458 1879 nomine
1489 1808 1883 1903 pha1·maeoutic[a?1
1915 1808 2068 1904 appellat
2095 1834 2175 1883 usus
2202 1820 2254 1883 est

274 1947 532 2027 φαρμακευτικοῑς
555 1926 715 1998 Soraneis
734 1923 791 2020 (ci.
810 1925 860 1998 ed.
881 1925 972 2021 Gyn.
992 1924 1194 1997 Ermerinsii
1218 1936 1285 2016 περὶ
1309 1935 1524 2020 φαρμακείας).
1556 1923 1666 2012 Qucum
1688 1922 1801 1994 locum
1827 1925 1917 1995 inter
1945 1933 2076 1997 ceteros
2095 1926 2252 2019 Respon-

274 2046 412 2118 sionum
426 2043 533 2116 libros
551 2041 587 2114 hi
604 2041 777 2114 tenuerint
806 2041 944 2114 difficile
964 2049 1015 2114 est
1030 2040 1131 2113 dictu.
1161 2040 1328 2114 Proxima
1356 2038 1421 2110 init
1448 2039 1635 2110 secundnm
1667 2039 1910 2126 „Methudum“
1946 2041 2035 2111 ratio
2052 2041 2251 2112 medicami-

276 2185 362 2233 num
376 2161 529 2232 diaetae¹
556 2159 605 2230 ita
631 2167 669 2229 ut
686 2156 861 2252 aptissime
878 2156 1088 2228 collocentur
1108 2165 1184 2252 post
1201 2155 1376 2230 Salutaris
1395 2155 1586 2250 Praecepta
1605 2163 1638 2226 et
1657 2155 1821 2227 dimetiens
1849 2155 2034 2249 passiones,
2074 2180 2138 2250 pro
2156 2167 2251 2228 corto

275 2285 396 2350 tamen
423 2276 457 2348 id
476 2273 652 2346 affirmare
677 2295 747 2344 non
776 2271 897 2343 ausim.

880 2501 937 2564 IV.
963 2501 1008 2570 iis
1037 2485 1357 2586 chirurpumen'ia
1390 2503 1649 2589 Raspcnaicmum.

1052 2623 1120 2681 test.
1145 2615 1478 2682 XXXIV-XXXVII.

426 2837 598 2926 Quoniam
618 2855 653 2929 cp
677 2845 853 2930 φαρμακείᾳ
864 2855 914 2903 ex
933 2831 983 2902 rei
1001 2831 1107 2926 ipsius
1129 2841 1255 2903 natura
1274 2831 1433 2927 proxima
1450 2839 1500 2903 est
1514 2842 1547 2902 et
1562 2855 1582 2902 a
1597 2829 1729 2902 Sorano
1747 2829 1917 2923 expressis
1935 2827 2049 2900 uerbis
2066 2829 2254 2923 opponitur

276 2961 299 3050 ἡ
323 2957 518 3050 χειρουργία’
542 2951 646 3023 liceat
672 2950 709 3020 in
725 2947 791 3020 hac
809 2970 946 3042 quoque
964 2945 1192 3041 descriptione
1209 2947 1251 3019 de
1270 2948 1311 3019 iis
1328 2947 1424 3020 libris
1443 2955 1520 3042 post
1537 2945 1763 3016 medicamina
1779 2943 1963 3032 disserere3
1984 2965 2055 3013 non
2071 2943 2252 3014 statuerim

277 3069 449 3144 eundem
462 3070 564 3142 etiam
575 3063 965 3161 fuisseResponsionum
985 3062 1150 3134 ordinem.
1172 3061 1310 3135 Caelius
1328 3062 1374 3134 do
1393 3062 1602 3155 chirurgia
1619 3061 1685 3132 nisi
1698 3060 1735 3130 in
1749 3058 2041 3154 Responsionibus
2057 3081 2126 3130 non
2140 3059 2254 3151 egisse

279 3186 416 3258 videtur
434 3183 489 3278 (cf.
509 3185 601 3276 test.)
630 3181 691 3255 sed
710 3187 747 3252 ut
764 3180 807 3252 de
826 3177 1110 3252 medicaminibus
1134 3178 1182 3251 sic
1200 3178 1242 3250 de
1258 3178 1325 3250 hac
1342 3176 1393 3274 (in
1412 3175 1480 3248 illis
1497 3175 1674 3266 nimirum)
1701 3172 1805 3269 paulo
1829 3171 1997 3267 copiosius
2017 3172 2151 3266 -ipse
2169 3172 2256 3243 dicit

284 3301 522 3399 „plenissime“
545 3298 636 3395 (test.
651 3295 835 3385 XXXVI)
854 3337 899 3346 -
914 3318 991 3366 cum
1005 3301 1044 3364 nt
1058 3301 1178 3400 postea
1190 3293 1232 3364 de
1251 3292 1316 3364 hac
1329 3291 1413 3364 artis
1430 3298 1529 3386 parte
1543 3289 1598 3361 oui
1616 3287 1800 3360 Methodici
1819 3286 1958 3358 omnino
1975 3286 2068 3358 haud
2086 3287 2134 3358 ita
2151 3310 2255 3380 mag-

280 3443 364 3491 nam
383 3417 551 3489 dederunt
570 3438 711 3512 operam
726 3413 837 3485 maius
856 3434 941 3506 opus
961 3409 1123 3482 conderet
1140 3419 1395 3504 χειρουργοὺμενα
1413 3407 1566 3479 Soranea
1581 3405 1636 3498 (cf.
1657 3403 1748 3498 Gyu.
1764 3403 1816 3474 ed.
1831 3402 1934 3474 Rosei
1953 3402 1981 3474 I.
2003 3407 2022 3475 7
2028 3407 2067 3494 63
2082 3401 2253 3475 Musuion.

278 3535 361 3608 ibid.
382 3533 429 3606 II.
452 3534 512 3624 33)
532 3532 779 3626 interpretatus
798 3527 861 3600 sibi
880 3527 1025 3599 fortasse
1044 3549 1115 3598 non
1133 3523 1388 3619 proposuissut;
1421 3522 1463 3592 de
1480 3520 1646 3592 librorum
1665 3541 1808 3589 numero
1826 3515 1912 3588 nihil
1931 3517 2093 3611 colligere
2111 3517 2200 3589 lieet.

985 3781 1027 3845 V.
1067 3782 1115 3851 iia
1147 3779 1425 3851 adiutoriorum
1459 3777 1557 3849 ituria.

1097 3902 1165 3960 test.
1184 3893 1436 3959 XXII-XXVII.

429 4128 488 4200 De
506 4123 725 4199 adiutoriis
744 4123 780 4194 in
809 4119 1105 4217 Responsiouibus
1131 4117 1261 4189 dietum
1281 4139 1353 4187 esse
1374 4139 1417 4185 ex
1437 4122 1513 4186 test.
1538 4111 1650 4182 XXII
1668 4129 1832 4206 apparet3
1865 4133 2012 4204 quocum
2044 4111 2258 4204 coniungen-

280 4247 364 4318 dum
384 4257 436 4318 est
453 4269 508 4315 me
525 4242 636 4314 iudice
651 4249 727 4314 test.
749 4239 901 4331 XXIII3
931 4245 1014 4333 quot
1032 4235 1159 4308 suerint
1188 4233 1268 4305 libri
1294 4231 1463 4304 nescimus
1483 4251 1594 4322 neque
1614 4250 1695 4299 uero
1716 4227 1814 4298 sicuti
1834 4226 1876 4298 de
1893 4225 2067 4320 chirurgia
2094 4229 2259 4322 estquod

280 4361 477 4458 complures
494 4359 597 4431 fuisse
613 4357 866 4448 existimemus3
904 4353 1034 4426 accedit
1051 4351 1143 4446 qnod
1161 4358 1195 4423 et
1212 4351 1246 4422 in
1265 4349 1378 4446 priore
1406 4345 1494 4418 libro
1523 4344 1748 4415 diaeticarum
1779 4343 1977 4438 passionum
2007 4367 2108 4438 quem
2133 4367 2257 4416 seeun-

282 4479 367 4551 dum
392 4477 495 4548 fuisse
514 4475 789 4570 Responsiunum
814 4469 1020 4544 cunieoimus
1052 4468 1095 4538 da
1114 4466 1290 4539 adiutoriis
1319 4466 1389 4536 iam
1412 4461 1548 4533 dixerut
1566 4483 1606 4531 ac
1626 4459 1667 4530 de
1687 4459 1804 4530 iisdem
1837 4459 1986 4554 amplius
2014 4459 2161 4531 seribere
2190 4461 2258 4540 sibi

283 4599 532 4692 proposuerat;
562 4587 659 4662 cuius
676 4586 843 4683 propositi
861 4591 941 4656 sunt
959 4582 1156 4656 testimonia
1173 4579 1304 4652 XXVI
1321 4575 1471 4652 XXVII
1491 4584 1524 4648 et
1543 4582 1618 4646 test.
1640 4573 1750 4646 XXV
1771 4578 1806 4656 a)
1824 4575 1871 4666 b).
1893 4573 1983 4645 Cum
1997 4583 2114 4645 autem
2130 4572 2199 4646 illic
2219 4575 2258 4648 in

283 4823 500 4840 -————··

401 4890 408 4924 ¹
433 4885 471 4949 cf.
489 4883 524 4948 Ο.
546 4881 587 4945 Α.
607 4879 684 4944 tard.
701 4880 753 4944 lib.
771 4879 815 4944 11.
831 4901 858 4942 c.
873 4879 949 4942 XII.
974 4901 1005 4965 p.
1022 4875 1198 4961 deustis
1228 4871 1277 4935 ed.
1297 4869 1414 4935 Amin:
1447 4871 1522 4952 „sed
1549 4893 1589 4934 ex
1619 4868 1859 4934 medicaminum
1885 4865 2002 4952 regula,
2027 4888 2120 4954 quam
2143 4866 2259 4934 Graeci

285 4992 507 5084 pharmachian
524 4990 691 5075 appellant,
710 4987 914 5052 distetioae
929 4985 1031 5073 parti
1048 4987 1203 5069 ingesta
1219 4991 1290 5068 apte
1309 4989 1464 5045 curatur“.
1482 4982 1524 5044 sic
1541 4980 1590 5044 ed.
1605 4979 1632 5042 Ι.

430 5099 508 5164 tard.
529 5097 583 5162 lib.
600 5095 644 5160 ΙΙ.
668 5091 802 5158 cxiv.
818 5117 848 5180 p.
868 5096 932 5158 422
950 5096 968 5179 ξ
985 5093 1069 5158 202:
1106 5089 1276 5176 „siquidem
1302 5088 1499 5173 complexa
1528 5087 1574 5149 sit
1600 5085 1763 5171 regulae,
1790 5103 1897 5170 quam
1933 5081 2082 5148 diaetam
2110 5095 2261 5152 vocant,

287 5206 570 5274 medicaminum
585 5203 690 5284 ratio,
717 5223 808 5288 qnam
824 5200 1022 5288 pharmacian
1039 5199 1228 5286 appellani.“
1246 5196 1289 5260 sic
1303 5195 1352 5262 ed.
1369 5195 1395 5259 Ι.

401 5381 412 5415 ²
436 5378 475 5442 ei.
491 5376 600 5442 Soron.
618 5397 689 5462 gyn.
707 5372 756 5439 ed.
776 5373 872 5438 Rosci
885 5372 911 5436 I.
931 5375 962 5436 2.
