4756 6094
991 1269 1293 1384 Praelatio.

263 1565 352 1638 Cum
367 1565 422 1638 his
441 1565 550 1638 tribus
568 1565 668 1638 aunis
687 1587 768 1636 casu
784 1563 934 1657 quodam
951 1565 987 1636 in
1006 1564 1114 1638 Caelii
1135 1547 1317 1638 Aureliani
1335 1565 1459 1640 Libros
1478 1566 1638 1640 Celerum
1657 1577 1691 1638 et
1706 1564 1903 1638 'lardarum
1922 1563 2130 1637 Passionem

153 1681 358 1776 incidissem,
380 1705 450 1753 non
468 1689 539 1754 tam
558 1704 619 1776 spe
637 1679 769 1752 fructus
787 1703 893 1774 quam
915 1681 965 1752 rei
984 1705 1108 1776 parum
1130 1682 1331 1778 exploratae
1355 1683 1509 1756 novitate
1528 1707 1569 1754 ac
1593 1681 1765 1755 suavitate
1790 1679 1958 1754 adductus
1975 1703 2062 1773 sum,
2090 1688 2129 1752 ut

154 1795 262 1867 otium
288 1797 409 1869 studiis
438 1796 632 1868 litterarum
663 1793 918 1866 medicinalium
935 1797 1093 1870 exeuntis
1114 1798 1330 1893 antiquitatis
1354 1798 1535 1870 Romanae
1554 1797 1782 1890 oblectarem,
1814 1821 1855 1869 ac
1872 1795 2129 1892 perscrutandis

152 1909 207 1982 his
236 1910 359 1984 litteris
388 1935 428 1984 co
455 1911 618 1984 libentius
645 1933 785 2004 operam
814 1911 952 2006 navavi,
984 1936 1052 2006 quo
1080 1913 1215 2008 saepius
1238 1915 1388 1986 medicos
1413 1913 1532 1986 doctos
1565 1923 1704 1985 nostrae
1732 1912 1865 2005 aetatis,
1900 1912 1958 2006 qui
1987 1910 2127 2008 quidum

152 2026 332 2099 historiam
350 2051 433 2100 suae
450 2028 535 2100 artis
559 2025 839 2122 perscribendam
862 2028 1100 2122 suscepissent,
1126 2028 1275 2102 titubare
1301 2053 1341 2102 ac
1361 2028 1537 2124 vacillare,
1565 2027 1759 2124 philologos
1781 2051 1882 2100 suum
1900 2051 1974 2099 esse
1994 2027 2127 2099 aditum

152 2141 220 2214 illis
242 2141 439 2238 patefacere
468 2142 684 2214 immemores
704 2140 908 2237 plerumque
931 2166 1004 2216 esse
1032 2144 1197 2217 intellexi.
1225 2145 1282 2218 Ex
1306 2147 1348 2218 iis
1377 2153 1503 2239 autem,
1532 2145 1591 2240 qui
1617 2144 1683 2216 hac
1717 2151 1831 2235 aetate
1860 2143 1895 2214 in
1925 2142 2039 2215 studia
2065 2142 2127 2214 illa

151 2255 408 2352 incumbebant,
436 2256 544 2330 Caelii
567 2256 750 2331 Aureliani
777 2279 913 2352 quoque
933 2259 1134 2331 memoriam
1158 2261 1203 2332 ab
1228 2261 1400 2334 oblivione
1418 2261 1680 2334 vindicaverunt
1715 2283 1794 2332 cum
1833 2258 1871 2330 C.
1897 2257 2124 2354 Darembcrg¹

151 2379 226 2443 tum
246 2372 291 2444 V.
312 2372 428 2465 Rosa*
445 2371 596 2444 medicus
615 2371 684 2465 ille,
699 2371 755 2442 hic
774 2370 980 2468 philologus,
995 2385 1139 2470 uterque
1156 2375 1281 2460 harum
1299 2375 1494 2450 litterarum
1508 2376 1755 2473 peritissimus3
1775 2397 1922 2470 quorum
1948 2397 2037 2468 quae
2062 2374 2125 2445 ha-

151 2488 265 2560 buerit
282 2487 340 2560 ille
359 2497 495 2584 praeter
514 2511 566 2582 ea,
588 2511 677 2583 quae
702 2488 738 2558 in
762 2487 787 2558 J
788 2488 846 2559 ani
865 2487 931 2560 vol.
954 2489 1015 2582 ll,³
1032 2489 1068 2560 in
1086 2487 1178 2562 Hist.
1199 2491 1323 2564 Sciant.
1342 2491 1447 2586 Med,
1466 2492 1502 2563 in
1519 2492 1630 2588 primo
1649 2489 1823 2562 volumine
1840 2487 2007 2562 Oribasii‘
2023 2513 2125 2584 prae-

150 2603 243 2676 fatus
261 2613 313 2676 est
331 2603 372 2676 de
395 2603 461 2675 hoc
487 2603 663 2700 scriptore,
699 2603 879 2696 nescimus,
907 2628 984 2676 cum
1011 2604 1126 2700 editio,
1148 2631 1253 2701 quam
1277 2632 1350 2680 sesa
1376 2615 1576 2680 curaturum
1607 2629 1680 2679 esse
1709 2604 1880 2702 pollicitus
1910 2613 1995 2696 erat,
2026 2629 2126 2675 uum·

152 2743 257 2814 quam
281 2719 317 2791 in
339 2719 452 2792 lucem
474 2719 658 2815 prodierit;
688 2718 745 2790 hic
778 2725 894 2792 autem
918 2719 1036 2792 multis
1054 2721 1296 2818 gravibusque,
1323 2747 1367 2796 ne
1393 2723 1506 2796 dicam
1535 2722 1693 2795 omnibus
1717 2744 1806 2816 quae
1825 2745 1846 2791 a
1863 2719 2127 2792 recentissimis⁸

151 2835 194 2907 de
209 2833 325 2908 Caelio
345 2833 536 2907 Aureliano
553 2833 723 2928 feruntur,
744 2833 959 2928 investigatis
980 2834 1023 2907 de
1038 2835 1097 2908 illo
1125 2860 1291 2931 quaerere
1308 2838 1447 2912 desiisse
1468 2837 1624 2930 videtur,
1641 2860 1682 2908 ac
1700 2860 1744 2908 ue
1762 2835 1846 2908 mihi
1860 2835 1998 2930 quidem
2015 2836 2124 2908 conti-

150 2949 212 3044 git,
231 2957 269 3022 ut
286 2949 418 3022 codices
432 2957 493 3021 aut
506 2948 575 3022 aha
593 2947 724 3020 auxilia
739 2971 831 3020 nova
843 2951 1040 3045 reperirem,
1063 2975 1152 3047 quae
1172 2977 1249 3024 cum
1269 2953 1503 3026 desiderarent
1521 2977 1575 3023 vr.
1595 2952 1651 3023 dd.
1672 2975 1800 3023 novam
1815 2951 1999 3024 editionem
2018 2949 2126 3021 distu-

149 3062 230 3136 lisse
248 3064 418 3158 videntur,
444 3065 504 3136 sed
521 3063 814 3160 operaepretium
833 3088 906 3136 esse
935 3065 1018 3137 mihi
1045 3067 1157 3138 risum
1176 3077 1227 3140 est
1250 3069 1286 3140 in
1309 3068 1349 3141 iis
1376 3069 1458 3164 ipsis
1487 3091 1576 3163 quae
1602 3077 1738 3163 praesto
1767 3077 1848 3138 sunt
1879 3065 2017 3138 auxiliis
2040 3064 2125 3136 nixo

149 3179 274 3252 iterum
293 3181 493 3252 examinare
512 3203 564 3274 ea,
594 3203 683 3274 quae
704 3179 746 3250 de
764 3178 929 3274 scriptore
957 3181 1016 3254 illo
1036 3182 1236 3276 dictasunt,
1261 3183 1560 3278 examinandoque
1573 3191 1743 3278 quantum
1759 3190 1873 3277 potest
1887 3179 1960 3253 fieri
1974 3203 2123 3275 augere;

150 3297 266 3390 itaque
285 3297 608 3368 commentationem
625 3294 814 3391 perfectam
831 3319 886 3367 me
903 3297 1130 3392 omnibusque
1149 3299 1300 3372 numeris
1322 3299 1527 3393 absolutam,
1543 3309 1582 3371 ut
1595 3323 1688 3370 nunc
1705 3323 1760 3371 res
1774 3323 1810 3370 se
1829 3297 1944 3390 habet,
1960 3297 2124 3368 daturum

150 3435 223 3484 esse
241 3435 305 3483 neo
323 3411 401 3482 volo
415 3435 479 3483 nec
492 3435 632 3506 possum
651 3411 821 3506 reciperc3
845 3412 929 3484 satis
948 3413 1013 3484 erit
1037 3413 1163 3509 siquid
1182 3413 1226 3485 ad
1244 3413 1467 3488 illustrandas
1485 3414 1562 3486 illas
1575 3414 1709 3486 litteras
1724 3412 1859 3485 adferre
1877 3412 2069 3506 contigerit.

255 3525 309 3598 De
327 3527 464 3598 nomina
478 3535 604 3620 autem,
627 3527 669 3599 de
682 3527 764 3624 vita,
790 3533 833 3604 da
847 3528 972 3623 patria,
999 3529 1041 3600 de
1059 3538 1173 3602 aetate
1188 3530 1297 3602 Caelii
1315 3529 1508 3624 Aureliani,
1540 3555 1561 3601 a
1591 3530 1714 3624 quibus
1730 3528 1979 3622 investigandis
1997 3527 2124 3599 harum

149 3643 388 3735 quaestionum
415 3642 551 3716 initium
579 3641 651 3715 ficri
673 3655 943 3720 consentaneum
967 3653 1028 3736 est,
1065 3644 1199 3716 facilius
1222 3653 1273 3718 est
1295 3669 1351 3716 vv.
1378 3645 1433 3717 dd.
1458 3645 1673 3717 coniecturas
1703 3668 1831 3738 augere
1858 3667 1963 3738 quam
1992 3642 2124 3738 aliquid

147 3759 231 3830 certi
249 3759 397 3854 adicere,
424 3785 487 3832 nec
501 3768 699 3833 tamennon
716 3762 822 3843 nulla,
846 3785 935 3857 quae
948 3771 1181 3853 occurrerunt,
1205 3761 1361 3834 hocloco
1379 3783 1565 3855 congerere
1583 3781 1723 3852 vereor3
1749 3785 1830 3832 nam
1855 3785 1933 3832 cum
1948 3759 2046 3831 nobis
2065 3782 2123 3831 ac·

147 3876 391 3970 quiescendum
412 3879 456 3950 sit
477 3877 513 3947 in
538 3877 589 3960 iis,
612 3901 702 3971 quae
722 3879 909 3950 maximam
931 3900 1014 3973 prae
1048 3901 1084 3948 se
1110 3875 1224 3949 ferant
1252 3877 1323 3948 veri
1352 3876 1584 3949 similitudinis
1619 3876 1777 3972 speciem,
1808 3875 1960 3970 undique
1980 3875 2122 3970 conqui-

146 3991 271 4085 rendis,
296 3991 380 4064 talia
400 4017 591 4088 proponere
620 4017 725 4087 quam
744 3994 957 4065 coniecturas
980 3991 1059 4066 illas
1079 3993 1114 4064 in
1129 3993 1411 4090 disceptationem
1431 4016 1554 4066 vocare
1576 3990 1677 4063 malo.

253 4107 353 4182 Unus
369 4116 402 4180 et
420 4108 512 4182 solus
527 4108 614 4202 fons,
635 4132 678 4180 ex
700 4132 767 4203 quo
789 4109 930 4180 haurias
952 4115 1086 4202 oportet
1113 4110 1141 4180 si
1165 4107 1246 4202 quid
1272 4107 1314 4180 de
1333 4117 1473 4181 auctore
1499 4109 1615 4181 studes
1644 4107 1843 4202 comperire,
1869 4107 1976 4202 ipsius
1993 4107 2122 4202 scripta

257 4331 264 4368 ¹
288 4329 484 4416 Daremberg
505 4332 569 4396 sine
592 4331 686 4396 dubio
710 4332 864 4418 permulta
889 4331 1036 4417 utiliaque
1059 4336 1088 4394 et
1109 4329 1149 4394 ad
1171 4329 1383 4395 emendandos
1407 4337 1438 4394 et
1462 4329 1503 4392 ad
1527 4327 1774 4415 interpretandos
1799 4327 1893 4391 libros
1917 4327 1974 4391 cel.
1995 4335 2025 4392 et
2042 4327 2119 4392 tard.

144 4459 235 4523 pass,
249 4459 326 4524 quos
340 4439 449 4503 ilerum
467 4439 559 4503 edere
575 4439 632 4502 sibi
648 4453 861 4524 proposuerat,
877 4438 1045 4522 congessit3
1063 4437 1191 4502 fortasse
1206 4457 1245 4500 ex
1261 4435 1416 4502 schedulis
1439 4435 1605 4500 doctissimi
1621 4436 1702 4498 illius
1720 4434 1785 4516 viri,
1800 4435 1825 4497 si
1841 4433 1934 4498 modo
1951 4443 2122 4518 servantur,

144 4544 187 4628 (in
209 4543 284 4608 bibl.
299 4544 399 4608 Paris.
410 4545 438 4629 P)
461 4551 571 4632 postea
585 4545 734 4609 nonnulla
752 4545 870 4609 discere
886 4544 999 4608 licebit.

254 4654 265 4688 ¹
288 4649 326 4714 cl.
344 4651 507 4716 Anecdota
524 4673 638 4736 graeca
657 4659 687 4716 et
710 4652 952 4737 graeco-latina3
981 4649 1139 4716 Aristotel.
1165 4651 1379 4739 Pseudcpigr3
1395 4649 1533 4715 Hermae
1547 4651 1610 4715 vol.
1631 4649 1679 4714 IV
1695 4647 1844 4734 etVll13

141 4755 250 4844 praeli.
267 4757 308 4822 ad
324 4757 393 4822 edd.
460 4757 554 4822 Plinii
578 4756 712 4822 Secundi
728 4759 822 4844 (quae
842 4757 939 4822 fertur
961 4780 1024 4822 una
1047 4780 1117 4824 cum
1138 4757 1268 4844 Gargilii
1287 4757 1439 4822 Martialis
1455 4757 1652 4824 Medicina..
1697 4807 1705 4822 .
1751 4807 1759 4823 .
1804 4807 1812 4823 .
1859 4807 1866 4822 .
1911 4755 1996 4843 Lips.
2020 4757 2117 4820 1875.

140 4886 208 4954 ppr.
228 4863 268 4929 ab
294 4864 405 4930 eodem
461 4863 556 4929 Cassii
573 4864 686 4929 Felicis
701 4864 754 4948 (de
766 4863 921 4928 Medicina
935 4867 1007 4950 etc.)
1049 4911 1866 4932 ................
1910 4863 1996 4949 Lips.
2021 4863 2117 4926 1879.

185 4979 323 5040 curatas:
460 4972 571 5038 Sorani
586 4971 830 5060 (Gynaeciorum
847 4977 936 5034 vatus
955 4969 1129 5037 Translatio
1147 4972 1244 5036 latina
1259 4991 1329 5034 cum
1342 4971 1454 5036 additis
1470 4971 1574 5058 graeei
1589 4977 1692 5035 textus
1708 4970 1866 5055 reliquis).
1911 4968 1997 5055 Lips.
2022 4971 2118 5038 1882.

252 5084 263 5118 ⁸
286 5081 324 5144 cf.
342 5079 421 5142 infra
435 5103 466 5168 p.
489 5082 530 5144 14
548 5079 651 5145 adnot.
673 5081 703 5143 3.

250 5192 261 5225 ⁴
285 5187 323 5250 cf.
343 5185 424 5250 infra
438 5208 469 5272 p.
489 5189 529 5251 14
544 5185 648 5250 adnot.
670 5187 700 5248 4.

249 5297 260 5332 ¹
286 5293 354 5358 dico
376 5293 514 5380 inprimis
535 5293 658 5358 Haeser
680 5291 762 5356 Hist.
788 5287 872 5354 Med.
896 5288 945 5354 ed.
966 5287 1027 5351 Ml.
1048 5298 1079 5352 et
1099 5285 1232 5368 Teull'el,
1253 5285 1335 5349 Hist.
1356 5286 1414 5348 litt.
1434 5285 1528 5350 Rom.
